%YAML 1.1
%TAG !u! tag:unity3d.com,2011:
--- !u!1 &997040332932958086
GameObject:
  m_ObjectHideFlags: 0
  m_CorrespondingSourceObject: {fileID: 0}
  m_PrefabInstance: {fileID: 0}
  m_PrefabAsset: {fileID: 0}
  serializedVersion: 6
  m_Component:
  - component: {fileID: 3481699858110908969}
  m_Layer: 0
  m_Name: Passageway_Part_4
  m_TagString: Untagged
  m_Icon: {fileID: 0}
  m_NavMeshLayer: 0
  m_StaticEditorFlags: 0
  m_IsActive: 1
--- !u!4 &3481699858110908969
Transform:
  m_ObjectHideFlags: 0
  m_CorrespondingSourceObject: {fileID: 0}
  m_PrefabInstance: {fileID: 0}
  m_PrefabAsset: {fileID: 0}
  m_GameObject: {fileID: 997040332932958086}
  m_LocalRotation: {x: 0, y: 0, z: 0, w: 1}
  m_LocalPosition: {x: 28.1, y: 0, z: 0}
  m_LocalScale: {x: 1, y: 1, z: 1}
  m_Children:
  - {fileID: 3434089108562962887}
  m_Father: {fileID: 0}
  m_RootOrder: 0
  m_LocalEulerAnglesHint: {x: 0, y: 0, z: 0}
--- !u!1 &1184430681139562115
GameObject:
  m_ObjectHideFlags: 0
  m_CorrespondingSourceObject: {fileID: 0}
  m_PrefabInstance: {fileID: 0}
  m_PrefabAsset: {fileID: 0}
  serializedVersion: 6
  m_Component:
  - component: {fileID: 280423577104716885}
  m_Layer: 0
  m_Name: Part_4
  m_TagString: Untagged
  m_Icon: {fileID: 0}
  m_NavMeshLayer: 0
  m_StaticEditorFlags: 0
  m_IsActive: 1
--- !u!4 &280423577104716885
Transform:
  m_ObjectHideFlags: 0
  m_CorrespondingSourceObject: {fileID: 0}
  m_PrefabInstance: {fileID: 0}
  m_PrefabAsset: {fileID: 0}
  m_GameObject: {fileID: 1184430681139562115}
  m_LocalRotation: {x: 0, y: -0.7071068, z: 0, w: 0.7071068}
  m_LocalPosition: {x: 9, y: 0, z: 6}
  m_LocalScale: {x: 1, y: 1, z: 1}
  m_Children:
  - {fileID: 7461634559535917065}
  - {fileID: 4570971831707844961}
  - {fileID: 4372763601609656609}
  - {fileID: 3299552647615200093}
  - {fileID: 8343912148837045920}
  - {fileID: 5413749388189839202}
  m_Father: {fileID: 3434089108562962887}
  m_RootOrder: 5
  m_LocalEulerAnglesHint: {x: 0, y: -90, z: 0}
--- !u!1 &3529878753338217862
GameObject:
  m_ObjectHideFlags: 0
  m_CorrespondingSourceObject: {fileID: 0}
  m_PrefabInstance: {fileID: 0}
  m_PrefabAsset: {fileID: 0}
  serializedVersion: 6
  m_Component:
  - component: {fileID: 714390400520336195}
  m_Layer: 0
  m_Name: Part_3 (1)
  m_TagString: Untagged
  m_Icon: {fileID: 0}
  m_NavMeshLayer: 0
  m_StaticEditorFlags: 0
  m_IsActive: 1
--- !u!4 &714390400520336195
Transform:
  m_ObjectHideFlags: 0
  m_CorrespondingSourceObject: {fileID: 0}
  m_PrefabInstance: {fileID: 0}
  m_PrefabAsset: {fileID: 0}
  m_GameObject: {fileID: 3529878753338217862}
  m_LocalRotation: {x: 0, y: -0.7071068, z: 0, w: 0.7071068}
  m_LocalPosition: {x: 9, y: 0, z: 0}
  m_LocalScale: {x: 1, y: 1, z: 1}
  m_Children:
  - {fileID: 1526159056634382339}
  - {fileID: 1688706662389049940}
  - {fileID: 4632348200041588785}
  m_Father: {fileID: 3434089108562962887}
  m_RootOrder: 4
  m_LocalEulerAnglesHint: {x: 0, y: -90, z: 0}
--- !u!1 &4829279398142672370
GameObject:
  m_ObjectHideFlags: 0
  m_CorrespondingSourceObject: {fileID: 0}
  m_PrefabInstance: {fileID: 0}
  m_PrefabAsset: {fileID: 0}
  serializedVersion: 6
  m_Component:
  - component: {fileID: 8226495019292488786}
  m_Layer: 0
  m_Name: Part_3
  m_TagString: Untagged
  m_Icon: {fileID: 0}
  m_NavMeshLayer: 0
  m_StaticEditorFlags: 0
  m_IsActive: 1
--- !u!4 &8226495019292488786
Transform:
  m_ObjectHideFlags: 0
  m_CorrespondingSourceObject: {fileID: 0}
  m_PrefabInstance: {fileID: 0}
  m_PrefabAsset: {fileID: 0}
  m_GameObject: {fileID: 4829279398142672370}
  m_LocalRotation: {x: 0, y: -0.7071068, z: 0, w: 0.7071068}
  m_LocalPosition: {x: 6, y: 0, z: 0}
  m_LocalScale: {x: 1, y: 1, z: 1}
  m_Children:
  - {fileID: 4239972827469553183}
  - {fileID: 3408147555884267660}
  - {fileID: 1949688375355892521}
  m_Father: {fileID: 3434089108562962887}
  m_RootOrder: 3
  m_LocalEulerAnglesHint: {x: 0, y: -90, z: 0}
--- !u!1 &4992195012820087091
GameObject:
  m_ObjectHideFlags: 0
  m_CorrespondingSourceObject: {fileID: 0}
  m_PrefabInstance: {fileID: 0}
  m_PrefabAsset: {fileID: 0}
  serializedVersion: 6
  m_Component:
  - component: {fileID: 3434089108562962887}
  m_Layer: 0
  m_Name: Corner
  m_TagString: Untagged
  m_Icon: {fileID: 0}
  m_NavMeshLayer: 0
  m_StaticEditorFlags: 0
  m_IsActive: 1
--- !u!4 &3434089108562962887
Transform:
  m_ObjectHideFlags: 0
  m_CorrespondingSourceObject: {fileID: 0}
  m_PrefabInstance: {fileID: 0}
  m_PrefabAsset: {fileID: 0}
  m_GameObject: {fileID: 4992195012820087091}
  m_LocalRotation: {x: -0, y: -0.7071068, z: -0, w: 0.7071068}
  m_LocalPosition: {x: 27, y: 0, z: 0}
  m_LocalScale: {x: 3, y: 3, z: 3}
  m_Children:
  - {fileID: 8213640578004011455}
  - {fileID: 6951988983338677412}
  - {fileID: 4475857489549791839}
  - {fileID: 8226495019292488786}
  - {fileID: 714390400520336195}
  - {fileID: 280423577104716885}
  m_Father: {fileID: 3481699858110908969}
  m_RootOrder: 0
  m_LocalEulerAnglesHint: {x: 0, y: 0, z: 0}
--- !u!1 &5203703114590140283
GameObject:
  m_ObjectHideFlags: 0
  m_CorrespondingSourceObject: {fileID: 0}
  m_PrefabInstance: {fileID: 0}
  m_PrefabAsset: {fileID: 0}
  serializedVersion: 6
  m_Component:
  - component: {fileID: 4475857489549791839}
  m_Layer: 0
  m_Name: Part_2 (1)
  m_TagString: Untagged
  m_Icon: {fileID: 0}
  m_NavMeshLayer: 0
  m_StaticEditorFlags: 0
  m_IsActive: 1
--- !u!4 &4475857489549791839
Transform:
  m_ObjectHideFlags: 0
  m_CorrespondingSourceObject: {fileID: 0}
  m_PrefabInstance: {fileID: 0}
  m_PrefabAsset: {fileID: 0}
  m_GameObject: {fileID: 5203703114590140283}
  m_LocalRotation: {x: 0, y: 0, z: 0, w: 1}
  m_LocalPosition: {x: 0, y: 0, z: 6}
  m_LocalScale: {x: 1, y: 1, z: 1}
  m_Children:
  - {fileID: 3578617254479845048}
  - {fileID: 4830920728659077230}
  - {fileID: 5688323743100662832}
  - {fileID: 9147133900484142276}
  - {fileID: 7680737111061399755}
  m_Father: {fileID: 3434089108562962887}
  m_RootOrder: 2
  m_LocalEulerAnglesHint: {x: 0, y: 0, z: 0}
--- !u!1 &5865512883200605473
GameObject:
  m_ObjectHideFlags: 0
  m_CorrespondingSourceObject: {fileID: 0}
  m_PrefabInstance: {fileID: 0}
  m_PrefabAsset: {fileID: 0}
  serializedVersion: 6
  m_Component:
  - component: {fileID: 6951988983338677412}
  m_Layer: 0
  m_Name: Part_2
  m_TagString: Untagged
  m_Icon: {fileID: 0}
  m_NavMeshLayer: 0
  m_StaticEditorFlags: 0
  m_IsActive: 1
--- !u!4 &6951988983338677412
Transform:
  m_ObjectHideFlags: 0
  m_CorrespondingSourceObject: {fileID: 0}
  m_PrefabInstance: {fileID: 0}
  m_PrefabAsset: {fileID: 0}
  m_GameObject: {fileID: 5865512883200605473}
  m_LocalRotation: {x: 0, y: 0, z: 0, w: 1}
  m_LocalPosition: {x: 0, y: 0, z: 3}
  m_LocalScale: {x: 1, y: 1, z: 1}
  m_Children:
  - {fileID: 8530747859966658942}
  - {fileID: 795633834857023783}
  - {fileID: 975576593964013062}
  - {fileID: 1188162264157386860}
  - {fileID: 8673776039919471513}
  m_Father: {fileID: 3434089108562962887}
  m_RootOrder: 1
  m_LocalEulerAnglesHint: {x: 0, y: 0, z: 0}
--- !u!1 &8783584937599516240
GameObject:
  m_ObjectHideFlags: 0
  m_CorrespondingSourceObject: {fileID: 0}
  m_PrefabInstance: {fileID: 0}
  m_PrefabAsset: {fileID: 0}
  serializedVersion: 6
  m_Component:
  - component: {fileID: 8213640578004011455}
  m_Layer: 0
  m_Name: Part_1
  m_TagString: Untagged
  m_Icon: {fileID: 0}
  m_NavMeshLayer: 0
  m_StaticEditorFlags: 0
  m_IsActive: 1
--- !u!4 &8213640578004011455
Transform:
  m_ObjectHideFlags: 0
  m_CorrespondingSourceObject: {fileID: 0}
  m_PrefabInstance: {fileID: 0}
  m_PrefabAsset: {fileID: 0}
  m_GameObject: {fileID: 8783584937599516240}
  m_LocalRotation: {x: 0, y: 0, z: 0, w: 1}
  m_LocalPosition: {x: 0, y: 0, z: 0}
  m_LocalScale: {x: 1, y: 1, z: 1}
  m_Children:
  - {fileID: 8180956508009206557}
  - {fileID: 7251388054209455203}
  - {fileID: 4491249197704254797}
  m_Father: {fileID: 3434089108562962887}
  m_RootOrder: 0
  m_LocalEulerAnglesHint: {x: 0, y: 0, z: 0}
--- !u!1001 &795633834856641773
PrefabInstance:
  m_ObjectHideFlags: 0
  serializedVersion: 2
  m_Modification:
    m_TransformParent: {fileID: 6951988983338677412}
    m_Modifications:
    - target: {fileID: 103644, guid: a4c18952442944083b1fddc06ba477c2, type: 3}
      propertyPath: m_Name
      value: Wall_Simple_01
      objectReference: {fileID: 0}
    - target: {fileID: 409034, guid: a4c18952442944083b1fddc06ba477c2, type: 3}
      propertyPath: m_RootOrder
      value: 1
      objectReference: {fileID: 0}
    - target: {fileID: 409034, guid: a4c18952442944083b1fddc06ba477c2, type: 3}
      propertyPath: m_LocalPosition.x
      value: 0
      objectReference: {fileID: 0}
    - target: {fileID: 409034, guid: a4c18952442944083b1fddc06ba477c2, type: 3}
      propertyPath: m_LocalPosition.y
      value: 0
      objectReference: {fileID: 0}
    - target: {fileID: 409034, guid: a4c18952442944083b1fddc06ba477c2, type: 3}
      propertyPath: m_LocalPosition.z
      value: 0
      objectReference: {fileID: 0}
    - target: {fileID: 409034, guid: a4c18952442944083b1fddc06ba477c2, type: 3}
      propertyPath: m_LocalRotation.w
      value: 1
      objectReference: {fileID: 0}
    - target: {fileID: 409034, guid: a4c18952442944083b1fddc06ba477c2, type: 3}
      propertyPath: m_LocalRotation.x
      value: -0
      objectReference: {fileID: 0}
    - target: {fileID: 409034, guid: a4c18952442944083b1fddc06ba477c2, type: 3}
      propertyPath: m_LocalRotation.y
      value: -0
      objectReference: {fileID: 0}
    - target: {fileID: 409034, guid: a4c18952442944083b1fddc06ba477c2, type: 3}
      propertyPath: m_LocalRotation.z
      value: -0
      objectReference: {fileID: 0}
    - target: {fileID: 409034, guid: a4c18952442944083b1fddc06ba477c2, type: 3}
      propertyPath: m_LocalEulerAnglesHint.x
      value: 0
      objectReference: {fileID: 0}
    - target: {fileID: 409034, guid: a4c18952442944083b1fddc06ba477c2, type: 3}
      propertyPath: m_LocalEulerAnglesHint.y
      value: 0
      objectReference: {fileID: 0}
    - target: {fileID: 409034, guid: a4c18952442944083b1fddc06ba477c2, type: 3}
      propertyPath: m_LocalEulerAnglesHint.z
      value: 0
      objectReference: {fileID: 0}
    m_RemovedComponents: []
  m_SourcePrefab: {fileID: 100100000, guid: a4c18952442944083b1fddc06ba477c2, type: 3}
--- !u!4 &795633834857023783 stripped
Transform:
  m_CorrespondingSourceObject: {fileID: 409034, guid: a4c18952442944083b1fddc06ba477c2, type: 3}
  m_PrefabInstance: {fileID: 795633834856641773}
  m_PrefabAsset: {fileID: 0}
--- !u!1001 &975576593964455652
PrefabInstance:
  m_ObjectHideFlags: 0
  serializedVersion: 2
  m_Modification:
    m_TransformParent: {fileID: 6951988983338677412}
    m_Modifications:
    - target: {fileID: 191206, guid: 1a5e2f40365fe44ada271dd97ea7506f, type: 3}
      propertyPath: m_Name
      value: Roof_01
      objectReference: {fileID: 0}
    - target: {fileID: 442594, guid: 1a5e2f40365fe44ada271dd97ea7506f, type: 3}
      propertyPath: m_RootOrder
      value: 2
      objectReference: {fileID: 0}
    - target: {fileID: 442594, guid: 1a5e2f40365fe44ada271dd97ea7506f, type: 3}
      propertyPath: m_LocalPosition.x
      value: 0
      objectReference: {fileID: 0}
    - target: {fileID: 442594, guid: 1a5e2f40365fe44ada271dd97ea7506f, type: 3}
      propertyPath: m_LocalPosition.y
      value: 0
      objectReference: {fileID: 0}
    - target: {fileID: 442594, guid: 1a5e2f40365fe44ada271dd97ea7506f, type: 3}
      propertyPath: m_LocalPosition.z
      value: 3
      objectReference: {fileID: 0}
    - target: {fileID: 442594, guid: 1a5e2f40365fe44ada271dd97ea7506f, type: 3}
      propertyPath: m_LocalRotation.w
      value: -0.00000016292068
      objectReference: {fileID: 0}
    - target: {fileID: 442594, guid: 1a5e2f40365fe44ada271dd97ea7506f, type: 3}
      propertyPath: m_LocalRotation.x
      value: -0
      objectReference: {fileID: 0}
    - target: {fileID: 442594, guid: 1a5e2f40365fe44ada271dd97ea7506f, type: 3}
      propertyPath: m_LocalRotation.y
      value: 1
      objectReference: {fileID: 0}
    - target: {fileID: 442594, guid: 1a5e2f40365fe44ada271dd97ea7506f, type: 3}
      propertyPath: m_LocalRotation.z
      value: -0
      objectReference: {fileID: 0}
    - target: {fileID: 442594, guid: 1a5e2f40365fe44ada271dd97ea7506f, type: 3}
      propertyPath: m_LocalEulerAnglesHint.x
      value: 0
      objectReference: {fileID: 0}
    - target: {fileID: 442594, guid: 1a5e2f40365fe44ada271dd97ea7506f, type: 3}
      propertyPath: m_LocalEulerAnglesHint.y
      value: 0
      objectReference: {fileID: 0}
    - target: {fileID: 442594, guid: 1a5e2f40365fe44ada271dd97ea7506f, type: 3}
      propertyPath: m_LocalEulerAnglesHint.z
      value: 0
      objectReference: {fileID: 0}
    m_RemovedComponents: []
  m_SourcePrefab: {fileID: 100100000, guid: 1a5e2f40365fe44ada271dd97ea7506f, type: 3}
--- !u!4 &975576593964013062 stripped
Transform:
  m_CorrespondingSourceObject: {fileID: 442594, guid: 1a5e2f40365fe44ada271dd97ea7506f, type: 3}
  m_PrefabInstance: {fileID: 975576593964455652}
  m_PrefabAsset: {fileID: 0}
--- !u!1001 &1188162264156955574
PrefabInstance:
  m_ObjectHideFlags: 0
  serializedVersion: 2
  m_Modification:
    m_TransformParent: {fileID: 6951988983338677412}
    m_Modifications:
    - target: {fileID: 183172, guid: b9038ed84a1fe4aecb34086f7f42d1bf, type: 3}
      propertyPath: m_Name
      value: Roof_02
      objectReference: {fileID: 0}
    - target: {fileID: 433114, guid: b9038ed84a1fe4aecb34086f7f42d1bf, type: 3}
      propertyPath: m_RootOrder
      value: 3
      objectReference: {fileID: 0}
    - target: {fileID: 433114, guid: b9038ed84a1fe4aecb34086f7f42d1bf, type: 3}
      propertyPath: m_LocalPosition.x
      value: 0
      objectReference: {fileID: 0}
    - target: {fileID: 433114, guid: b9038ed84a1fe4aecb34086f7f42d1bf, type: 3}
      propertyPath: m_LocalPosition.y
      value: 3.75
      objectReference: {fileID: 0}
    - target: {fileID: 433114, guid: b9038ed84a1fe4aecb34086f7f42d1bf, type: 3}
      propertyPath: m_LocalPosition.z
      value: 0
      objectReference: {fileID: 0}
    - target: {fileID: 433114, guid: b9038ed84a1fe4aecb34086f7f42d1bf, type: 3}
      propertyPath: m_LocalRotation.w
      value: -0.00000016292068
      objectReference: {fileID: 0}
    - target: {fileID: 433114, guid: b9038ed84a1fe4aecb34086f7f42d1bf, type: 3}
      propertyPath: m_LocalRotation.x
      value: -0
      objectReference: {fileID: 0}
    - target: {fileID: 433114, guid: b9038ed84a1fe4aecb34086f7f42d1bf, type: 3}
      propertyPath: m_LocalRotation.y
      value: -0
      objectReference: {fileID: 0}
    - target: {fileID: 433114, guid: b9038ed84a1fe4aecb34086f7f42d1bf, type: 3}
      propertyPath: m_LocalRotation.z
      value: 1
      objectReference: {fileID: 0}
    - target: {fileID: 433114, guid: b9038ed84a1fe4aecb34086f7f42d1bf, type: 3}
      propertyPath: m_LocalEulerAnglesHint.x
      value: 0
      objectReference: {fileID: 0}
    - target: {fileID: 433114, guid: b9038ed84a1fe4aecb34086f7f42d1bf, type: 3}
      propertyPath: m_LocalEulerAnglesHint.y
      value: 0
      objectReference: {fileID: 0}
    - target: {fileID: 433114, guid: b9038ed84a1fe4aecb34086f7f42d1bf, type: 3}
      propertyPath: m_LocalEulerAnglesHint.z
      value: 0
      objectReference: {fileID: 0}
    m_RemovedComponents: []
  m_SourcePrefab: {fileID: 100100000, guid: b9038ed84a1fe4aecb34086f7f42d1bf, type: 3}
--- !u!4 &1188162264157386860 stripped
Transform:
  m_CorrespondingSourceObject: {fileID: 433114, guid: b9038ed84a1fe4aecb34086f7f42d1bf, type: 3}
  m_PrefabInstance: {fileID: 1188162264156955574}
  m_PrefabAsset: {fileID: 0}
--- !u!1001 &1526159056634794629
PrefabInstance:
  m_ObjectHideFlags: 0
  serializedVersion: 2
  m_Modification:
    m_TransformParent: {fileID: 714390400520336195}
    m_Modifications:
    - target: {fileID: 119840, guid: c76d2d3504ddb4847940a815cad04644, type: 3}
      propertyPath: m_Name
      value: Floor_01 (2)
      objectReference: {fileID: 0}
    - target: {fileID: 416390, guid: c76d2d3504ddb4847940a815cad04644, type: 3}
      propertyPath: m_RootOrder
      value: 0
      objectReference: {fileID: 0}
    - target: {fileID: 416390, guid: c76d2d3504ddb4847940a815cad04644, type: 3}
      propertyPath: m_LocalScale.x
      value: 1
      objectReference: {fileID: 0}
    - target: {fileID: 416390, guid: c76d2d3504ddb4847940a815cad04644, type: 3}
      propertyPath: m_LocalScale.y
      value: 1
      objectReference: {fileID: 0}
    - target: {fileID: 416390, guid: c76d2d3504ddb4847940a815cad04644, type: 3}
      propertyPath: m_LocalScale.z
      value: 1
      objectReference: {fileID: 0}
    - target: {fileID: 416390, guid: c76d2d3504ddb4847940a815cad04644, type: 3}
      propertyPath: m_LocalPosition.x
      value: 3
      objectReference: {fileID: 0}
    - target: {fileID: 416390, guid: c76d2d3504ddb4847940a815cad04644, type: 3}
      propertyPath: m_LocalPosition.y
      value: 0
      objectReference: {fileID: 0}
    - target: {fileID: 416390, guid: c76d2d3504ddb4847940a815cad04644, type: 3}
      propertyPath: m_LocalPosition.z
      value: 0
      objectReference: {fileID: 0}
    - target: {fileID: 416390, guid: c76d2d3504ddb4847940a815cad04644, type: 3}
      propertyPath: m_LocalRotation.w
      value: 1
      objectReference: {fileID: 0}
    - target: {fileID: 416390, guid: c76d2d3504ddb4847940a815cad04644, type: 3}
      propertyPath: m_LocalRotation.x
      value: -0
      objectReference: {fileID: 0}
    - target: {fileID: 416390, guid: c76d2d3504ddb4847940a815cad04644, type: 3}
      propertyPath: m_LocalRotation.y
      value: -0
      objectReference: {fileID: 0}
    - target: {fileID: 416390, guid: c76d2d3504ddb4847940a815cad04644, type: 3}
      propertyPath: m_LocalRotation.z
      value: -0
      objectReference: {fileID: 0}
    - target: {fileID: 416390, guid: c76d2d3504ddb4847940a815cad04644, type: 3}
      propertyPath: m_LocalEulerAnglesHint.x
      value: 0
      objectReference: {fileID: 0}
    - target: {fileID: 416390, guid: c76d2d3504ddb4847940a815cad04644, type: 3}
      propertyPath: m_LocalEulerAnglesHint.y
      value: 0
      objectReference: {fileID: 0}
    - target: {fileID: 416390, guid: c76d2d3504ddb4847940a815cad04644, type: 3}
      propertyPath: m_LocalEulerAnglesHint.z
      value: 0
      objectReference: {fileID: 0}
    m_RemovedComponents: []
  m_SourcePrefab: {fileID: 100100000, guid: c76d2d3504ddb4847940a815cad04644, type: 3}
--- !u!4 &1526159056634382339 stripped
Transform:
  m_CorrespondingSourceObject: {fileID: 416390, guid: c76d2d3504ddb4847940a815cad04644, type: 3}
  m_PrefabInstance: {fileID: 1526159056634794629}
  m_PrefabAsset: {fileID: 0}
--- !u!1001 &1688706662389438366
PrefabInstance:
  m_ObjectHideFlags: 0
  serializedVersion: 2
  m_Modification:
    m_TransformParent: {fileID: 714390400520336195}
    m_Modifications:
    - target: {fileID: 103644, guid: a4c18952442944083b1fddc06ba477c2, type: 3}
      propertyPath: m_Name
      value: Wall_Simple_01 (1)
      objectReference: {fileID: 0}
    - target: {fileID: 409034, guid: a4c18952442944083b1fddc06ba477c2, type: 3}
      propertyPath: m_RootOrder
      value: 1
      objectReference: {fileID: 0}
    - target: {fileID: 409034, guid: a4c18952442944083b1fddc06ba477c2, type: 3}
      propertyPath: m_LocalPosition.x
      value: 0
      objectReference: {fileID: 0}
    - target: {fileID: 409034, guid: a4c18952442944083b1fddc06ba477c2, type: 3}
      propertyPath: m_LocalPosition.y
      value: 0
      objectReference: {fileID: 0}
    - target: {fileID: 409034, guid: a4c18952442944083b1fddc06ba477c2, type: 3}
      propertyPath: m_LocalPosition.z
      value: 0
      objectReference: {fileID: 0}
    - target: {fileID: 409034, guid: a4c18952442944083b1fddc06ba477c2, type: 3}
      propertyPath: m_LocalRotation.w
      value: 1
      objectReference: {fileID: 0}
    - target: {fileID: 409034, guid: a4c18952442944083b1fddc06ba477c2, type: 3}
      propertyPath: m_LocalRotation.x
      value: -0
      objectReference: {fileID: 0}
    - target: {fileID: 409034, guid: a4c18952442944083b1fddc06ba477c2, type: 3}
      propertyPath: m_LocalRotation.y
      value: -0
      objectReference: {fileID: 0}
    - target: {fileID: 409034, guid: a4c18952442944083b1fddc06ba477c2, type: 3}
      propertyPath: m_LocalRotation.z
      value: -0
      objectReference: {fileID: 0}
    - target: {fileID: 409034, guid: a4c18952442944083b1fddc06ba477c2, type: 3}
      propertyPath: m_LocalEulerAnglesHint.x
      value: 0
      objectReference: {fileID: 0}
    - target: {fileID: 409034, guid: a4c18952442944083b1fddc06ba477c2, type: 3}
      propertyPath: m_LocalEulerAnglesHint.y
      value: 0
      objectReference: {fileID: 0}
    - target: {fileID: 409034, guid: a4c18952442944083b1fddc06ba477c2, type: 3}
      propertyPath: m_LocalEulerAnglesHint.z
      value: 0
      objectReference: {fileID: 0}
    m_RemovedComponents: []
  m_SourcePrefab: {fileID: 100100000, guid: a4c18952442944083b1fddc06ba477c2, type: 3}
--- !u!4 &1688706662389049940 stripped
Transform:
  m_CorrespondingSourceObject: {fileID: 409034, guid: a4c18952442944083b1fddc06ba477c2, type: 3}
  m_PrefabInstance: {fileID: 1688706662389438366}
  m_PrefabAsset: {fileID: 0}
--- !u!1001 &1949688375355974603
PrefabInstance:
  m_ObjectHideFlags: 0
  serializedVersion: 2
  m_Modification:
    m_TransformParent: {fileID: 8226495019292488786}
    m_Modifications:
    - target: {fileID: 191206, guid: 1a5e2f40365fe44ada271dd97ea7506f, type: 3}
      propertyPath: m_Name
      value: Roof_01 (1)
      objectReference: {fileID: 0}
    - target: {fileID: 442594, guid: 1a5e2f40365fe44ada271dd97ea7506f, type: 3}
      propertyPath: m_RootOrder
      value: 2
      objectReference: {fileID: 0}
    - target: {fileID: 442594, guid: 1a5e2f40365fe44ada271dd97ea7506f, type: 3}
      propertyPath: m_LocalPosition.x
      value: 0
      objectReference: {fileID: 0}
    - target: {fileID: 442594, guid: 1a5e2f40365fe44ada271dd97ea7506f, type: 3}
      propertyPath: m_LocalPosition.y
      value: 0
      objectReference: {fileID: 0}
    - target: {fileID: 442594, guid: 1a5e2f40365fe44ada271dd97ea7506f, type: 3}
      propertyPath: m_LocalPosition.z
      value: 3
      objectReference: {fileID: 0}
    - target: {fileID: 442594, guid: 1a5e2f40365fe44ada271dd97ea7506f, type: 3}
      propertyPath: m_LocalRotation.w
      value: -0.00000016292068
      objectReference: {fileID: 0}
    - target: {fileID: 442594, guid: 1a5e2f40365fe44ada271dd97ea7506f, type: 3}
      propertyPath: m_LocalRotation.x
      value: -0
      objectReference: {fileID: 0}
    - target: {fileID: 442594, guid: 1a5e2f40365fe44ada271dd97ea7506f, type: 3}
      propertyPath: m_LocalRotation.y
      value: 1
      objectReference: {fileID: 0}
    - target: {fileID: 442594, guid: 1a5e2f40365fe44ada271dd97ea7506f, type: 3}
      propertyPath: m_LocalRotation.z
      value: -0
      objectReference: {fileID: 0}
    - target: {fileID: 442594, guid: 1a5e2f40365fe44ada271dd97ea7506f, type: 3}
      propertyPath: m_LocalEulerAnglesHint.x
      value: 0
      objectReference: {fileID: 0}
    - target: {fileID: 442594, guid: 1a5e2f40365fe44ada271dd97ea7506f, type: 3}
      propertyPath: m_LocalEulerAnglesHint.y
      value: 0
      objectReference: {fileID: 0}
    - target: {fileID: 442594, guid: 1a5e2f40365fe44ada271dd97ea7506f, type: 3}
      propertyPath: m_LocalEulerAnglesHint.z
      value: 0
      objectReference: {fileID: 0}
    m_RemovedComponents: []
  m_SourcePrefab: {fileID: 100100000, guid: 1a5e2f40365fe44ada271dd97ea7506f, type: 3}
--- !u!4 &1949688375355892521 stripped
Transform:
  m_CorrespondingSourceObject: {fileID: 442594, guid: 1a5e2f40365fe44ada271dd97ea7506f, type: 3}
  m_PrefabInstance: {fileID: 1949688375355974603}
  m_PrefabAsset: {fileID: 0}
--- !u!1001 &3299552647615078875
PrefabInstance:
  m_ObjectHideFlags: 0
  serializedVersion: 2
  m_Modification:
    m_TransformParent: {fileID: 280423577104716885}
    m_Modifications:
    - target: {fileID: 119840, guid: c76d2d3504ddb4847940a815cad04644, type: 3}
      propertyPath: m_Name
      value: Floor_01 (4)
      objectReference: {fileID: 0}
    - target: {fileID: 416390, guid: c76d2d3504ddb4847940a815cad04644, type: 3}
      propertyPath: m_RootOrder
      value: 3
      objectReference: {fileID: 0}
    - target: {fileID: 416390, guid: c76d2d3504ddb4847940a815cad04644, type: 3}
      propertyPath: m_LocalScale.x
      value: 1
      objectReference: {fileID: 0}
    - target: {fileID: 416390, guid: c76d2d3504ddb4847940a815cad04644, type: 3}
      propertyPath: m_LocalScale.y
      value: 1
      objectReference: {fileID: 0}
    - target: {fileID: 416390, guid: c76d2d3504ddb4847940a815cad04644, type: 3}
      propertyPath: m_LocalScale.z
      value: 1
      objectReference: {fileID: 0}
    - target: {fileID: 416390, guid: c76d2d3504ddb4847940a815cad04644, type: 3}
      propertyPath: m_LocalPosition.x
      value: 0
      objectReference: {fileID: 0}
    - target: {fileID: 416390, guid: c76d2d3504ddb4847940a815cad04644, type: 3}
      propertyPath: m_LocalPosition.y
      value: 0
      objectReference: {fileID: 0}
    - target: {fileID: 416390, guid: c76d2d3504ddb4847940a815cad04644, type: 3}
      propertyPath: m_LocalPosition.z
      value: 0
      objectReference: {fileID: 0}
    - target: {fileID: 416390, guid: c76d2d3504ddb4847940a815cad04644, type: 3}
      propertyPath: m_LocalRotation.w
      value: 1
      objectReference: {fileID: 0}
    - target: {fileID: 416390, guid: c76d2d3504ddb4847940a815cad04644, type: 3}
      propertyPath: m_LocalRotation.x
      value: -0
      objectReference: {fileID: 0}
    - target: {fileID: 416390, guid: c76d2d3504ddb4847940a815cad04644, type: 3}
      propertyPath: m_LocalRotation.y
      value: -0
      objectReference: {fileID: 0}
    - target: {fileID: 416390, guid: c76d2d3504ddb4847940a815cad04644, type: 3}
      propertyPath: m_LocalRotation.z
      value: -0
      objectReference: {fileID: 0}
    - target: {fileID: 416390, guid: c76d2d3504ddb4847940a815cad04644, type: 3}
      propertyPath: m_LocalEulerAnglesHint.x
      value: 0
      objectReference: {fileID: 0}
    - target: {fileID: 416390, guid: c76d2d3504ddb4847940a815cad04644, type: 3}
      propertyPath: m_LocalEulerAnglesHint.y
      value: 0
      objectReference: {fileID: 0}
    - target: {fileID: 416390, guid: c76d2d3504ddb4847940a815cad04644, type: 3}
      propertyPath: m_LocalEulerAnglesHint.z
      value: 0
      objectReference: {fileID: 0}
    m_RemovedComponents: []
  m_SourcePrefab: {fileID: 100100000, guid: c76d2d3504ddb4847940a815cad04644, type: 3}
--- !u!4 &3299552647615200093 stripped
Transform:
  m_CorrespondingSourceObject: {fileID: 416390, guid: c76d2d3504ddb4847940a815cad04644, type: 3}
  m_PrefabInstance: {fileID: 3299552647615078875}
  m_PrefabAsset: {fileID: 0}
--- !u!1001 &3408147555884647750
PrefabInstance:
  m_ObjectHideFlags: 0
  serializedVersion: 2
  m_Modification:
    m_TransformParent: {fileID: 8226495019292488786}
    m_Modifications:
    - target: {fileID: 103644, guid: a4c18952442944083b1fddc06ba477c2, type: 3}
      propertyPath: m_Name
      value: Wall_Simple_01 (1)
      objectReference: {fileID: 0}
    - target: {fileID: 409034, guid: a4c18952442944083b1fddc06ba477c2, type: 3}
      propertyPath: m_RootOrder
      value: 1
      objectReference: {fileID: 0}
    - target: {fileID: 409034, guid: a4c18952442944083b1fddc06ba477c2, type: 3}
      propertyPath: m_LocalPosition.x
      value: 0
      objectReference: {fileID: 0}
    - target: {fileID: 409034, guid: a4c18952442944083b1fddc06ba477c2, type: 3}
      propertyPath: m_LocalPosition.y
      value: 0
      objectReference: {fileID: 0}
    - target: {fileID: 409034, guid: a4c18952442944083b1fddc06ba477c2, type: 3}
      propertyPath: m_LocalPosition.z
      value: 0
      objectReference: {fileID: 0}
    - target: {fileID: 409034, guid: a4c18952442944083b1fddc06ba477c2, type: 3}
      propertyPath: m_LocalRotation.w
      value: 1
      objectReference: {fileID: 0}
    - target: {fileID: 409034, guid: a4c18952442944083b1fddc06ba477c2, type: 3}
      propertyPath: m_LocalRotation.x
      value: -0
      objectReference: {fileID: 0}
    - target: {fileID: 409034, guid: a4c18952442944083b1fddc06ba477c2, type: 3}
      propertyPath: m_LocalRotation.y
      value: -0
      objectReference: {fileID: 0}
    - target: {fileID: 409034, guid: a4c18952442944083b1fddc06ba477c2, type: 3}
      propertyPath: m_LocalRotation.z
      value: -0
      objectReference: {fileID: 0}
    - target: {fileID: 409034, guid: a4c18952442944083b1fddc06ba477c2, type: 3}
      propertyPath: m_LocalEulerAnglesHint.x
      value: 0
      objectReference: {fileID: 0}
    - target: {fileID: 409034, guid: a4c18952442944083b1fddc06ba477c2, type: 3}
      propertyPath: m_LocalEulerAnglesHint.y
      value: 0
      objectReference: {fileID: 0}
    - target: {fileID: 409034, guid: a4c18952442944083b1fddc06ba477c2, type: 3}
      propertyPath: m_LocalEulerAnglesHint.z
      value: 0
      objectReference: {fileID: 0}
    m_RemovedComponents: []
  m_SourcePrefab: {fileID: 100100000, guid: a4c18952442944083b1fddc06ba477c2, type: 3}
--- !u!4 &3408147555884267660 stripped
Transform:
  m_CorrespondingSourceObject: {fileID: 409034, guid: a4c18952442944083b1fddc06ba477c2, type: 3}
  m_PrefabInstance: {fileID: 3408147555884647750}
  m_PrefabAsset: {fileID: 0}
--- !u!1001 &3578617254479957054
PrefabInstance:
  m_ObjectHideFlags: 0
  serializedVersion: 2
  m_Modification:
    m_TransformParent: {fileID: 4475857489549791839}
    m_Modifications:
    - target: {fileID: 119840, guid: c76d2d3504ddb4847940a815cad04644, type: 3}
      propertyPath: m_Name
      value: Floor_01 (1)
      objectReference: {fileID: 0}
    - target: {fileID: 416390, guid: c76d2d3504ddb4847940a815cad04644, type: 3}
      propertyPath: m_RootOrder
      value: 0
      objectReference: {fileID: 0}
    - target: {fileID: 416390, guid: c76d2d3504ddb4847940a815cad04644, type: 3}
      propertyPath: m_LocalScale.x
      value: 1
      objectReference: {fileID: 0}
    - target: {fileID: 416390, guid: c76d2d3504ddb4847940a815cad04644, type: 3}
      propertyPath: m_LocalScale.y
      value: 1
      objectReference: {fileID: 0}
    - target: {fileID: 416390, guid: c76d2d3504ddb4847940a815cad04644, type: 3}
      propertyPath: m_LocalScale.z
      value: 1
      objectReference: {fileID: 0}
    - target: {fileID: 416390, guid: c76d2d3504ddb4847940a815cad04644, type: 3}
      propertyPath: m_LocalPosition.x
      value: 3
      objectReference: {fileID: 0}
    - target: {fileID: 416390, guid: c76d2d3504ddb4847940a815cad04644, type: 3}
      propertyPath: m_LocalPosition.y
      value: 0
      objectReference: {fileID: 0}
    - target: {fileID: 416390, guid: c76d2d3504ddb4847940a815cad04644, type: 3}
      propertyPath: m_LocalPosition.z
      value: 0
      objectReference: {fileID: 0}
    - target: {fileID: 416390, guid: c76d2d3504ddb4847940a815cad04644, type: 3}
      propertyPath: m_LocalRotation.w
      value: 1
      objectReference: {fileID: 0}
    - target: {fileID: 416390, guid: c76d2d3504ddb4847940a815cad04644, type: 3}
      propertyPath: m_LocalRotation.x
      value: -0
      objectReference: {fileID: 0}
    - target: {fileID: 416390, guid: c76d2d3504ddb4847940a815cad04644, type: 3}
      propertyPath: m_LocalRotation.y
      value: -0
      objectReference: {fileID: 0}
    - target: {fileID: 416390, guid: c76d2d3504ddb4847940a815cad04644, type: 3}
      propertyPath: m_LocalRotation.z
      value: -0
      objectReference: {fileID: 0}
    - target: {fileID: 416390, guid: c76d2d3504ddb4847940a815cad04644, type: 3}
      propertyPath: m_LocalEulerAnglesHint.x
      value: 0
      objectReference: {fileID: 0}
    - target: {fileID: 416390, guid: c76d2d3504ddb4847940a815cad04644, type: 3}
      propertyPath: m_LocalEulerAnglesHint.y
      value: 0
      objectReference: {fileID: 0}
    - target: {fileID: 416390, guid: c76d2d3504ddb4847940a815cad04644, type: 3}
      propertyPath: m_LocalEulerAnglesHint.z
      value: 0
      objectReference: {fileID: 0}
    m_RemovedComponents: []
  m_SourcePrefab: {fileID: 100100000, guid: c76d2d3504ddb4847940a815cad04644, type: 3}
--- !u!4 &3578617254479845048 stripped
Transform:
  m_CorrespondingSourceObject: {fileID: 416390, guid: c76d2d3504ddb4847940a815cad04644, type: 3}
  m_PrefabInstance: {fileID: 3578617254479957054}
  m_PrefabAsset: {fileID: 0}
--- !u!1001 &4239972827469956249
PrefabInstance:
  m_ObjectHideFlags: 0
  serializedVersion: 2
  m_Modification:
    m_TransformParent: {fileID: 8226495019292488786}
    m_Modifications:
    - target: {fileID: 119840, guid: c76d2d3504ddb4847940a815cad04644, type: 3}
      propertyPath: m_Name
      value: Floor_01 (2)
      objectReference: {fileID: 0}
    - target: {fileID: 416390, guid: c76d2d3504ddb4847940a815cad04644, type: 3}
      propertyPath: m_RootOrder
      value: 0
      objectReference: {fileID: 0}
    - target: {fileID: 416390, guid: c76d2d3504ddb4847940a815cad04644, type: 3}
      propertyPath: m_LocalScale.x
      value: 1
      objectReference: {fileID: 0}
    - target: {fileID: 416390, guid: c76d2d3504ddb4847940a815cad04644, type: 3}
      propertyPath: m_LocalScale.y
      value: 1
      objectReference: {fileID: 0}
    - target: {fileID: 416390, guid: c76d2d3504ddb4847940a815cad04644, type: 3}
      propertyPath: m_LocalScale.z
      value: 1
      objectReference: {fileID: 0}
    - target: {fileID: 416390, guid: c76d2d3504ddb4847940a815cad04644, type: 3}
      propertyPath: m_LocalPosition.x
      value: 3
      objectReference: {fileID: 0}
    - target: {fileID: 416390, guid: c76d2d3504ddb4847940a815cad04644, type: 3}
      propertyPath: m_LocalPosition.y
      value: 0
      objectReference: {fileID: 0}
    - target: {fileID: 416390, guid: c76d2d3504ddb4847940a815cad04644, type: 3}
      propertyPath: m_LocalPosition.z
      value: 0
      objectReference: {fileID: 0}
    - target: {fileID: 416390, guid: c76d2d3504ddb4847940a815cad04644, type: 3}
      propertyPath: m_LocalRotation.w
      value: 1
      objectReference: {fileID: 0}
    - target: {fileID: 416390, guid: c76d2d3504ddb4847940a815cad04644, type: 3}
      propertyPath: m_LocalRotation.x
      value: -0
      objectReference: {fileID: 0}
    - target: {fileID: 416390, guid: c76d2d3504ddb4847940a815cad04644, type: 3}
      propertyPath: m_LocalRotation.y
      value: -0
      objectReference: {fileID: 0}
    - target: {fileID: 416390, guid: c76d2d3504ddb4847940a815cad04644, type: 3}
      propertyPath: m_LocalRotation.z
      value: -0
      objectReference: {fileID: 0}
    - target: {fileID: 416390, guid: c76d2d3504ddb4847940a815cad04644, type: 3}
      propertyPath: m_LocalEulerAnglesHint.x
      value: 0
      objectReference: {fileID: 0}
    - target: {fileID: 416390, guid: c76d2d3504ddb4847940a815cad04644, type: 3}
      propertyPath: m_LocalEulerAnglesHint.y
      value: 0
      objectReference: {fileID: 0}
    - target: {fileID: 416390, guid: c76d2d3504ddb4847940a815cad04644, type: 3}
      propertyPath: m_LocalEulerAnglesHint.z
      value: 0
      objectReference: {fileID: 0}
    m_RemovedComponents: []
  m_SourcePrefab: {fileID: 100100000, guid: c76d2d3504ddb4847940a815cad04644, type: 3}
--- !u!4 &4239972827469553183 stripped
Transform:
  m_CorrespondingSourceObject: {fileID: 416390, guid: c76d2d3504ddb4847940a815cad04644, type: 3}
  m_PrefabInstance: {fileID: 4239972827469956249}
  m_PrefabAsset: {fileID: 0}
--- !u!1001 &4372763601609811979
PrefabInstance:
  m_ObjectHideFlags: 0
  serializedVersion: 2
  m_Modification:
    m_TransformParent: {fileID: 280423577104716885}
    m_Modifications:
    - target: {fileID: 132044, guid: e4f34474191354a5688752acf8cf95fe, type: 3}
      propertyPath: m_Name
      value: Wall_Arc_90_01
      objectReference: {fileID: 0}
    - target: {fileID: 418090, guid: e4f34474191354a5688752acf8cf95fe, type: 3}
      propertyPath: m_RootOrder
      value: 2
      objectReference: {fileID: 0}
    - target: {fileID: 418090, guid: e4f34474191354a5688752acf8cf95fe, type: 3}
      propertyPath: m_LocalPosition.x
      value: 0
      objectReference: {fileID: 0}
    - target: {fileID: 418090, guid: e4f34474191354a5688752acf8cf95fe, type: 3}
      propertyPath: m_LocalPosition.y
      value: 0
      objectReference: {fileID: 0}
    - target: {fileID: 418090, guid: e4f34474191354a5688752acf8cf95fe, type: 3}
      propertyPath: m_LocalPosition.z
      value: 0
      objectReference: {fileID: 0}
    - target: {fileID: 418090, guid: e4f34474191354a5688752acf8cf95fe, type: 3}
      propertyPath: m_LocalRotation.w
      value: 0
      objectReference: {fileID: 0}
    - target: {fileID: 418090, guid: e4f34474191354a5688752acf8cf95fe, type: 3}
      propertyPath: m_LocalRotation.x
      value: 0
      objectReference: {fileID: 0}
    - target: {fileID: 418090, guid: e4f34474191354a5688752acf8cf95fe, type: 3}
      propertyPath: m_LocalRotation.y
      value: 1
      objectReference: {fileID: 0}
    - target: {fileID: 418090, guid: e4f34474191354a5688752acf8cf95fe, type: 3}
      propertyPath: m_LocalRotation.z
      value: 0
      objectReference: {fileID: 0}
    - target: {fileID: 418090, guid: e4f34474191354a5688752acf8cf95fe, type: 3}
      propertyPath: m_LocalEulerAnglesHint.x
      value: 0
      objectReference: {fileID: 0}
    - target: {fileID: 418090, guid: e4f34474191354a5688752acf8cf95fe, type: 3}
      propertyPath: m_LocalEulerAnglesHint.y
      value: 180
      objectReference: {fileID: 0}
    - target: {fileID: 418090, guid: e4f34474191354a5688752acf8cf95fe, type: 3}
      propertyPath: m_LocalEulerAnglesHint.z
      value: 0
      objectReference: {fileID: 0}
    m_RemovedComponents: []
  m_SourcePrefab: {fileID: 100100000, guid: e4f34474191354a5688752acf8cf95fe, type: 3}
--- !u!4 &4372763601609656609 stripped
Transform:
  m_CorrespondingSourceObject: {fileID: 418090, guid: e4f34474191354a5688752acf8cf95fe, type: 3}
  m_PrefabInstance: {fileID: 4372763601609811979}
  m_PrefabAsset: {fileID: 0}
--- !u!1001 &4491249197704354969
PrefabInstance:
  m_ObjectHideFlags: 0
  serializedVersion: 2
  m_Modification:
    m_TransformParent: {fileID: 8213640578004011455}
    m_Modifications:
    - target: {fileID: 177348, guid: c27c7521daec24863af069554ea1fb47, type: 3}
      propertyPath: m_Name
      value: Roof_Angle_01
      objectReference: {fileID: 0}
    - target: {fileID: 428500, guid: c27c7521daec24863af069554ea1fb47, type: 3}
      propertyPath: m_RootOrder
      value: 2
      objectReference: {fileID: 0}
    - target: {fileID: 428500, guid: c27c7521daec24863af069554ea1fb47, type: 3}
      propertyPath: m_LocalScale.x
      value: 1
      objectReference: {fileID: 0}
    - target: {fileID: 428500, guid: c27c7521daec24863af069554ea1fb47, type: 3}
      propertyPath: m_LocalScale.y
      value: 1
      objectReference: {fileID: 0}
    - target: {fileID: 428500, guid: c27c7521daec24863af069554ea1fb47, type: 3}
      propertyPath: m_LocalScale.z
      value: 1
      objectReference: {fileID: 0}
    - target: {fileID: 428500, guid: c27c7521daec24863af069554ea1fb47, type: 3}
      propertyPath: m_LocalPosition.x
      value: 0
      objectReference: {fileID: 0}
    - target: {fileID: 428500, guid: c27c7521daec24863af069554ea1fb47, type: 3}
      propertyPath: m_LocalPosition.y
      value: 0
      objectReference: {fileID: 0}
    - target: {fileID: 428500, guid: c27c7521daec24863af069554ea1fb47, type: 3}
      propertyPath: m_LocalPosition.z
      value: 3
      objectReference: {fileID: 0}
    - target: {fileID: 428500, guid: c27c7521daec24863af069554ea1fb47, type: 3}
      propertyPath: m_LocalRotation.w
      value: 0
      objectReference: {fileID: 0}
    - target: {fileID: 428500, guid: c27c7521daec24863af069554ea1fb47, type: 3}
      propertyPath: m_LocalRotation.x
      value: -0
      objectReference: {fileID: 0}
    - target: {fileID: 428500, guid: c27c7521daec24863af069554ea1fb47, type: 3}
      propertyPath: m_LocalRotation.y
      value: 1
      objectReference: {fileID: 0}
    - target: {fileID: 428500, guid: c27c7521daec24863af069554ea1fb47, type: 3}
      propertyPath: m_LocalRotation.z
      value: -0
      objectReference: {fileID: 0}
    - target: {fileID: 428500, guid: c27c7521daec24863af069554ea1fb47, type: 3}
      propertyPath: m_LocalEulerAnglesHint.x
      value: 0
      objectReference: {fileID: 0}
    - target: {fileID: 428500, guid: c27c7521daec24863af069554ea1fb47, type: 3}
      propertyPath: m_LocalEulerAnglesHint.y
      value: 180
      objectReference: {fileID: 0}
    - target: {fileID: 428500, guid: c27c7521daec24863af069554ea1fb47, type: 3}
      propertyPath: m_LocalEulerAnglesHint.z
      value: 0
      objectReference: {fileID: 0}
    m_RemovedComponents: []
  m_SourcePrefab: {fileID: 100100000, guid: c27c7521daec24863af069554ea1fb47, type: 3}
--- !u!4 &4491249197704254797 stripped
Transform:
  m_CorrespondingSourceObject: {fileID: 428500, guid: c27c7521daec24863af069554ea1fb47, type: 3}
  m_PrefabInstance: {fileID: 4491249197704354969}
  m_PrefabAsset: {fileID: 0}
--- !u!1001 &4570971831707966439
PrefabInstance:
  m_ObjectHideFlags: 0
  serializedVersion: 2
  m_Modification:
    m_TransformParent: {fileID: 280423577104716885}
    m_Modifications:
    - target: {fileID: 119840, guid: c76d2d3504ddb4847940a815cad04644, type: 3}
      propertyPath: m_Name
      value: Floor_01 (3)
      objectReference: {fileID: 0}
    - target: {fileID: 416390, guid: c76d2d3504ddb4847940a815cad04644, type: 3}
      propertyPath: m_RootOrder
      value: 1
      objectReference: {fileID: 0}
    - target: {fileID: 416390, guid: c76d2d3504ddb4847940a815cad04644, type: 3}
      propertyPath: m_LocalScale.x
      value: 1
      objectReference: {fileID: 0}
    - target: {fileID: 416390, guid: c76d2d3504ddb4847940a815cad04644, type: 3}
      propertyPath: m_LocalScale.y
      value: 1
      objectReference: {fileID: 0}
    - target: {fileID: 416390, guid: c76d2d3504ddb4847940a815cad04644, type: 3}
      propertyPath: m_LocalScale.z
      value: 1
      objectReference: {fileID: 0}
    - target: {fileID: 416390, guid: c76d2d3504ddb4847940a815cad04644, type: 3}
      propertyPath: m_LocalPosition.x
      value: 3
      objectReference: {fileID: 0}
    - target: {fileID: 416390, guid: c76d2d3504ddb4847940a815cad04644, type: 3}
      propertyPath: m_LocalPosition.y
      value: 0
      objectReference: {fileID: 0}
    - target: {fileID: 416390, guid: c76d2d3504ddb4847940a815cad04644, type: 3}
      propertyPath: m_LocalPosition.z
      value: 0
      objectReference: {fileID: 0}
    - target: {fileID: 416390, guid: c76d2d3504ddb4847940a815cad04644, type: 3}
      propertyPath: m_LocalRotation.w
      value: 1
      objectReference: {fileID: 0}
    - target: {fileID: 416390, guid: c76d2d3504ddb4847940a815cad04644, type: 3}
      propertyPath: m_LocalRotation.x
      value: -0
      objectReference: {fileID: 0}
    - target: {fileID: 416390, guid: c76d2d3504ddb4847940a815cad04644, type: 3}
      propertyPath: m_LocalRotation.y
      value: -0
      objectReference: {fileID: 0}
    - target: {fileID: 416390, guid: c76d2d3504ddb4847940a815cad04644, type: 3}
      propertyPath: m_LocalRotation.z
      value: -0
      objectReference: {fileID: 0}
    - target: {fileID: 416390, guid: c76d2d3504ddb4847940a815cad04644, type: 3}
      propertyPath: m_LocalEulerAnglesHint.x
      value: 0
      objectReference: {fileID: 0}
    - target: {fileID: 416390, guid: c76d2d3504ddb4847940a815cad04644, type: 3}
      propertyPath: m_LocalEulerAnglesHint.y
      value: 0
      objectReference: {fileID: 0}
    - target: {fileID: 416390, guid: c76d2d3504ddb4847940a815cad04644, type: 3}
      propertyPath: m_LocalEulerAnglesHint.z
      value: 0
      objectReference: {fileID: 0}
    m_RemovedComponents: []
  m_SourcePrefab: {fileID: 100100000, guid: c76d2d3504ddb4847940a815cad04644, type: 3}
--- !u!4 &4570971831707844961 stripped
Transform:
  m_CorrespondingSourceObject: {fileID: 416390, guid: c76d2d3504ddb4847940a815cad04644, type: 3}
  m_PrefabInstance: {fileID: 4570971831707966439}
  m_PrefabAsset: {fileID: 0}
--- !u!1001 &4632348200041244883
PrefabInstance:
  m_ObjectHideFlags: 0
  serializedVersion: 2
  m_Modification:
    m_TransformParent: {fileID: 714390400520336195}
    m_Modifications:
    - target: {fileID: 191206, guid: 1a5e2f40365fe44ada271dd97ea7506f, type: 3}
      propertyPath: m_Name
      value: Roof_01 (1)
      objectReference: {fileID: 0}
    - target: {fileID: 442594, guid: 1a5e2f40365fe44ada271dd97ea7506f, type: 3}
      propertyPath: m_RootOrder
      value: 2
      objectReference: {fileID: 0}
    - target: {fileID: 442594, guid: 1a5e2f40365fe44ada271dd97ea7506f, type: 3}
      propertyPath: m_LocalPosition.x
      value: 0
      objectReference: {fileID: 0}
    - target: {fileID: 442594, guid: 1a5e2f40365fe44ada271dd97ea7506f, type: 3}
      propertyPath: m_LocalPosition.y
      value: 0
      objectReference: {fileID: 0}
    - target: {fileID: 442594, guid: 1a5e2f40365fe44ada271dd97ea7506f, type: 3}
      propertyPath: m_LocalPosition.z
      value: 3
      objectReference: {fileID: 0}
    - target: {fileID: 442594, guid: 1a5e2f40365fe44ada271dd97ea7506f, type: 3}
      propertyPath: m_LocalRotation.w
      value: -0.00000016292068
      objectReference: {fileID: 0}
    - target: {fileID: 442594, guid: 1a5e2f40365fe44ada271dd97ea7506f, type: 3}
      propertyPath: m_LocalRotation.x
      value: -0
      objectReference: {fileID: 0}
    - target: {fileID: 442594, guid: 1a5e2f40365fe44ada271dd97ea7506f, type: 3}
      propertyPath: m_LocalRotation.y
      value: 1
      objectReference: {fileID: 0}
    - target: {fileID: 442594, guid: 1a5e2f40365fe44ada271dd97ea7506f, type: 3}
      propertyPath: m_LocalRotation.z
      value: -0
      objectReference: {fileID: 0}
    - target: {fileID: 442594, guid: 1a5e2f40365fe44ada271dd97ea7506f, type: 3}
      propertyPath: m_LocalEulerAnglesHint.x
      value: 0
      objectReference: {fileID: 0}
    - target: {fileID: 442594, guid: 1a5e2f40365fe44ada271dd97ea7506f, type: 3}
      propertyPath: m_LocalEulerAnglesHint.y
      value: 0
      objectReference: {fileID: 0}
    - target: {fileID: 442594, guid: 1a5e2f40365fe44ada271dd97ea7506f, type: 3}
      propertyPath: m_LocalEulerAnglesHint.z
      value: 0
      objectReference: {fileID: 0}
    m_RemovedComponents: []
  m_SourcePrefab: {fileID: 100100000, guid: 1a5e2f40365fe44ada271dd97ea7506f, type: 3}
--- !u!4 &4632348200041588785 stripped
Transform:
  m_CorrespondingSourceObject: {fileID: 442594, guid: 1a5e2f40365fe44ada271dd97ea7506f, type: 3}
  m_PrefabInstance: {fileID: 4632348200041244883}
  m_PrefabAsset: {fileID: 0}
--- !u!1001 &4830920728659203492
PrefabInstance:
  m_ObjectHideFlags: 0
  serializedVersion: 2
  m_Modification:
    m_TransformParent: {fileID: 4475857489549791839}
    m_Modifications:
    - target: {fileID: 103644, guid: a4c18952442944083b1fddc06ba477c2, type: 3}
      propertyPath: m_Name
      value: Wall_Simple_01
      objectReference: {fileID: 0}
    - target: {fileID: 409034, guid: a4c18952442944083b1fddc06ba477c2, type: 3}
      propertyPath: m_RootOrder
      value: 1
      objectReference: {fileID: 0}
    - target: {fileID: 409034, guid: a4c18952442944083b1fddc06ba477c2, type: 3}
      propertyPath: m_LocalPosition.x
      value: 0
      objectReference: {fileID: 0}
    - target: {fileID: 409034, guid: a4c18952442944083b1fddc06ba477c2, type: 3}
      propertyPath: m_LocalPosition.y
      value: 0
      objectReference: {fileID: 0}
    - target: {fileID: 409034, guid: a4c18952442944083b1fddc06ba477c2, type: 3}
      propertyPath: m_LocalPosition.z
      value: 0
      objectReference: {fileID: 0}
    - target: {fileID: 409034, guid: a4c18952442944083b1fddc06ba477c2, type: 3}
      propertyPath: m_LocalRotation.w
      value: 1
      objectReference: {fileID: 0}
    - target: {fileID: 409034, guid: a4c18952442944083b1fddc06ba477c2, type: 3}
      propertyPath: m_LocalRotation.x
      value: -0
      objectReference: {fileID: 0}
    - target: {fileID: 409034, guid: a4c18952442944083b1fddc06ba477c2, type: 3}
      propertyPath: m_LocalRotation.y
      value: -0
      objectReference: {fileID: 0}
    - target: {fileID: 409034, guid: a4c18952442944083b1fddc06ba477c2, type: 3}
      propertyPath: m_LocalRotation.z
      value: -0
      objectReference: {fileID: 0}
    - target: {fileID: 409034, guid: a4c18952442944083b1fddc06ba477c2, type: 3}
      propertyPath: m_LocalEulerAnglesHint.x
      value: 0
      objectReference: {fileID: 0}
    - target: {fileID: 409034, guid: a4c18952442944083b1fddc06ba477c2, type: 3}
      propertyPath: m_LocalEulerAnglesHint.y
      value: 0
      objectReference: {fileID: 0}
    - target: {fileID: 409034, guid: a4c18952442944083b1fddc06ba477c2, type: 3}
      propertyPath: m_LocalEulerAnglesHint.z
      value: 0
      objectReference: {fileID: 0}
    m_RemovedComponents: []
  m_SourcePrefab: {fileID: 100100000, guid: a4c18952442944083b1fddc06ba477c2, type: 3}
--- !u!4 &4830920728659077230 stripped
Transform:
  m_CorrespondingSourceObject: {fileID: 409034, guid: a4c18952442944083b1fddc06ba477c2, type: 3}
  m_PrefabInstance: {fileID: 4830920728659203492}
  m_PrefabAsset: {fileID: 0}
--- !u!1001 &5413749388189988324
PrefabInstance:
  m_ObjectHideFlags: 0
  serializedVersion: 2
  m_Modification:
    m_TransformParent: {fileID: 280423577104716885}
    m_Modifications:
    - target: {fileID: 119840, guid: c76d2d3504ddb4847940a815cad04644, type: 3}
      propertyPath: m_Name
      value: Floor_01 (6)
      objectReference: {fileID: 0}
    - target: {fileID: 416390, guid: c76d2d3504ddb4847940a815cad04644, type: 3}
      propertyPath: m_RootOrder
      value: 5
      objectReference: {fileID: 0}
    - target: {fileID: 416390, guid: c76d2d3504ddb4847940a815cad04644, type: 3}
      propertyPath: m_LocalScale.x
      value: 1
      objectReference: {fileID: 0}
    - target: {fileID: 416390, guid: c76d2d3504ddb4847940a815cad04644, type: 3}
      propertyPath: m_LocalScale.y
      value: 1
      objectReference: {fileID: 0}
    - target: {fileID: 416390, guid: c76d2d3504ddb4847940a815cad04644, type: 3}
      propertyPath: m_LocalScale.z
      value: 1
      objectReference: {fileID: 0}
    - target: {fileID: 416390, guid: c76d2d3504ddb4847940a815cad04644, type: 3}
      propertyPath: m_LocalPosition.x
      value: 3
      objectReference: {fileID: 0}
    - target: {fileID: 416390, guid: c76d2d3504ddb4847940a815cad04644, type: 3}
      propertyPath: m_LocalPosition.y
      value: 0
      objectReference: {fileID: 0}
    - target: {fileID: 416390, guid: c76d2d3504ddb4847940a815cad04644, type: 3}
      propertyPath: m_LocalPosition.z
      value: 3
      objectReference: {fileID: 0}
    - target: {fileID: 416390, guid: c76d2d3504ddb4847940a815cad04644, type: 3}
      propertyPath: m_LocalRotation.w
      value: 1
      objectReference: {fileID: 0}
    - target: {fileID: 416390, guid: c76d2d3504ddb4847940a815cad04644, type: 3}
      propertyPath: m_LocalRotation.x
      value: -0
      objectReference: {fileID: 0}
    - target: {fileID: 416390, guid: c76d2d3504ddb4847940a815cad04644, type: 3}
      propertyPath: m_LocalRotation.y
      value: -0
      objectReference: {fileID: 0}
    - target: {fileID: 416390, guid: c76d2d3504ddb4847940a815cad04644, type: 3}
      propertyPath: m_LocalRotation.z
      value: -0
      objectReference: {fileID: 0}
    - target: {fileID: 416390, guid: c76d2d3504ddb4847940a815cad04644, type: 3}
      propertyPath: m_LocalEulerAnglesHint.x
      value: 0
      objectReference: {fileID: 0}
    - target: {fileID: 416390, guid: c76d2d3504ddb4847940a815cad04644, type: 3}
      propertyPath: m_LocalEulerAnglesHint.y
      value: 0
      objectReference: {fileID: 0}
    - target: {fileID: 416390, guid: c76d2d3504ddb4847940a815cad04644, type: 3}
      propertyPath: m_LocalEulerAnglesHint.z
      value: 0
      objectReference: {fileID: 0}
    m_RemovedComponents: []
  m_SourcePrefab: {fileID: 100100000, guid: c76d2d3504ddb4847940a815cad04644, type: 3}
--- !u!4 &5413749388189839202 stripped
Transform:
  m_CorrespondingSourceObject: {fileID: 416390, guid: c76d2d3504ddb4847940a815cad04644, type: 3}
  m_PrefabInstance: {fileID: 5413749388189988324}
  m_PrefabAsset: {fileID: 0}
--- !u!1001 &5688323743100286162
PrefabInstance:
  m_ObjectHideFlags: 0
  serializedVersion: 2
  m_Modification:
    m_TransformParent: {fileID: 4475857489549791839}
    m_Modifications:
    - target: {fileID: 191206, guid: 1a5e2f40365fe44ada271dd97ea7506f, type: 3}
      propertyPath: m_Name
      value: Roof_01
      objectReference: {fileID: 0}
    - target: {fileID: 442594, guid: 1a5e2f40365fe44ada271dd97ea7506f, type: 3}
      propertyPath: m_RootOrder
      value: 2
      objectReference: {fileID: 0}
    - target: {fileID: 442594, guid: 1a5e2f40365fe44ada271dd97ea7506f, type: 3}
      propertyPath: m_LocalPosition.x
      value: 0
      objectReference: {fileID: 0}
    - target: {fileID: 442594, guid: 1a5e2f40365fe44ada271dd97ea7506f, type: 3}
      propertyPath: m_LocalPosition.y
      value: 0
      objectReference: {fileID: 0}
    - target: {fileID: 442594, guid: 1a5e2f40365fe44ada271dd97ea7506f, type: 3}
      propertyPath: m_LocalPosition.z
      value: 3
      objectReference: {fileID: 0}
    - target: {fileID: 442594, guid: 1a5e2f40365fe44ada271dd97ea7506f, type: 3}
      propertyPath: m_LocalRotation.w
      value: -0.00000016292068
      objectReference: {fileID: 0}
    - target: {fileID: 442594, guid: 1a5e2f40365fe44ada271dd97ea7506f, type: 3}
      propertyPath: m_LocalRotation.x
      value: -0
      objectReference: {fileID: 0}
    - target: {fileID: 442594, guid: 1a5e2f40365fe44ada271dd97ea7506f, type: 3}
      propertyPath: m_LocalRotation.y
      value: 1
      objectReference: {fileID: 0}
    - target: {fileID: 442594, guid: 1a5e2f40365fe44ada271dd97ea7506f, type: 3}
      propertyPath: m_LocalRotation.z
      value: -0
      objectReference: {fileID: 0}
    - target: {fileID: 442594, guid: 1a5e2f40365fe44ada271dd97ea7506f, type: 3}
      propertyPath: m_LocalEulerAnglesHint.x
      value: 0
      objectReference: {fileID: 0}
    - target: {fileID: 442594, guid: 1a5e2f40365fe44ada271dd97ea7506f, type: 3}
      propertyPath: m_LocalEulerAnglesHint.y
      value: 0
      objectReference: {fileID: 0}
    - target: {fileID: 442594, guid: 1a5e2f40365fe44ada271dd97ea7506f, type: 3}
      propertyPath: m_LocalEulerAnglesHint.z
      value: 0
      objectReference: {fileID: 0}
    m_RemovedComponents: []
  m_SourcePrefab: {fileID: 100100000, guid: 1a5e2f40365fe44ada271dd97ea7506f, type: 3}
--- !u!4 &5688323743100662832 stripped
Transform:
  m_CorrespondingSourceObject: {fileID: 442594, guid: 1a5e2f40365fe44ada271dd97ea7506f, type: 3}
  m_PrefabInstance: {fileID: 5688323743100286162}
  m_PrefabAsset: {fileID: 0}
--- !u!1001 &7251388054209626853
PrefabInstance:
  m_ObjectHideFlags: 0
  serializedVersion: 2
  m_Modification:
    m_TransformParent: {fileID: 8213640578004011455}
    m_Modifications:
    - target: {fileID: 157892, guid: 13990f94448cc49c08e917134d8b0479, type: 3}
      propertyPath: m_Name
      value: Wall_Arc_90_02
      objectReference: {fileID: 0}
    - target: {fileID: 484998, guid: 13990f94448cc49c08e917134d8b0479, type: 3}
      propertyPath: m_RootOrder
      value: 1
      objectReference: {fileID: 0}
    - target: {fileID: 484998, guid: 13990f94448cc49c08e917134d8b0479, type: 3}
      propertyPath: m_LocalScale.x
      value: 1
      objectReference: {fileID: 0}
    - target: {fileID: 484998, guid: 13990f94448cc49c08e917134d8b0479, type: 3}
      propertyPath: m_LocalScale.y
      value: 1
      objectReference: {fileID: 0}
    - target: {fileID: 484998, guid: 13990f94448cc49c08e917134d8b0479, type: 3}
      propertyPath: m_LocalScale.z
      value: 1
      objectReference: {fileID: 0}
    - target: {fileID: 484998, guid: 13990f94448cc49c08e917134d8b0479, type: 3}
      propertyPath: m_LocalPosition.x
      value: 3
      objectReference: {fileID: 0}
    - target: {fileID: 484998, guid: 13990f94448cc49c08e917134d8b0479, type: 3}
      propertyPath: m_LocalPosition.y
      value: 0
      objectReference: {fileID: 0}
    - target: {fileID: 484998, guid: 13990f94448cc49c08e917134d8b0479, type: 3}
      propertyPath: m_LocalPosition.z
      value: 0
      objectReference: {fileID: 0}
    - target: {fileID: 484998, guid: 13990f94448cc49c08e917134d8b0479, type: 3}
      propertyPath: m_LocalRotation.w
      value: 0.7071068
      objectReference: {fileID: 0}
    - target: {fileID: 484998, guid: 13990f94448cc49c08e917134d8b0479, type: 3}
      propertyPath: m_LocalRotation.x
      value: -0
      objectReference: {fileID: 0}
    - target: {fileID: 484998, guid: 13990f94448cc49c08e917134d8b0479, type: 3}
      propertyPath: m_LocalRotation.y
      value: 0.7071068
      objectReference: {fileID: 0}
    - target: {fileID: 484998, guid: 13990f94448cc49c08e917134d8b0479, type: 3}
      propertyPath: m_LocalRotation.z
      value: -0
      objectReference: {fileID: 0}
    - target: {fileID: 484998, guid: 13990f94448cc49c08e917134d8b0479, type: 3}
      propertyPath: m_LocalEulerAnglesHint.x
      value: 0
      objectReference: {fileID: 0}
    - target: {fileID: 484998, guid: 13990f94448cc49c08e917134d8b0479, type: 3}
      propertyPath: m_LocalEulerAnglesHint.y
      value: 90
      objectReference: {fileID: 0}
    - target: {fileID: 484998, guid: 13990f94448cc49c08e917134d8b0479, type: 3}
      propertyPath: m_LocalEulerAnglesHint.z
      value: 0
      objectReference: {fileID: 0}
    m_RemovedComponents: []
  m_SourcePrefab: {fileID: 100100000, guid: 13990f94448cc49c08e917134d8b0479, type: 3}
--- !u!4 &7251388054209455203 stripped
Transform:
  m_CorrespondingSourceObject: {fileID: 484998, guid: 13990f94448cc49c08e917134d8b0479, type: 3}
  m_PrefabInstance: {fileID: 7251388054209626853}
  m_PrefabAsset: {fileID: 0}
--- !u!1001 &7461634559536010321
PrefabInstance:
  m_ObjectHideFlags: 0
  serializedVersion: 2
  m_Modification:
    m_TransformParent: {fileID: 280423577104716885}
    m_Modifications:
    - target: {fileID: 144834, guid: 4d57a31eab232457da9acbcc32af22cf, type: 3}
      propertyPath: m_Name
      value: Roof_Angle_Large_01
      objectReference: {fileID: 0}
    - target: {fileID: 441432, guid: 4d57a31eab232457da9acbcc32af22cf, type: 3}
      propertyPath: m_RootOrder
      value: 0
      objectReference: {fileID: 0}
    - target: {fileID: 441432, guid: 4d57a31eab232457da9acbcc32af22cf, type: 3}
      propertyPath: m_LocalPosition.x
      value: -3
      objectReference: {fileID: 0}
    - target: {fileID: 441432, guid: 4d57a31eab232457da9acbcc32af22cf, type: 3}
      propertyPath: m_LocalPosition.y
      value: 0
      objectReference: {fileID: 0}
    - target: {fileID: 441432, guid: 4d57a31eab232457da9acbcc32af22cf, type: 3}
      propertyPath: m_LocalPosition.z
      value: 6
      objectReference: {fileID: 0}
    - target: {fileID: 441432, guid: 4d57a31eab232457da9acbcc32af22cf, type: 3}
      propertyPath: m_LocalRotation.w
      value: 0.7071068
      objectReference: {fileID: 0}
    - target: {fileID: 441432, guid: 4d57a31eab232457da9acbcc32af22cf, type: 3}
      propertyPath: m_LocalRotation.x
      value: 0
      objectReference: {fileID: 0}
    - target: {fileID: 441432, guid: 4d57a31eab232457da9acbcc32af22cf, type: 3}
      propertyPath: m_LocalRotation.y
      value: 0.7071068
      objectReference: {fileID: 0}
    - target: {fileID: 441432, guid: 4d57a31eab232457da9acbcc32af22cf, type: 3}
      propertyPath: m_LocalRotation.z
      value: 0
      objectReference: {fileID: 0}
    - target: {fileID: 441432, guid: 4d57a31eab232457da9acbcc32af22cf, type: 3}
      propertyPath: m_LocalEulerAnglesHint.x
      value: 0
      objectReference: {fileID: 0}
    - target: {fileID: 441432, guid: 4d57a31eab232457da9acbcc32af22cf, type: 3}
      propertyPath: m_LocalEulerAnglesHint.y
      value: 90
      objectReference: {fileID: 0}
    - target: {fileID: 441432, guid: 4d57a31eab232457da9acbcc32af22cf, type: 3}
      propertyPath: m_LocalEulerAnglesHint.z
      value: 0
      objectReference: {fileID: 0}
    m_RemovedComponents: []
  m_SourcePrefab: {fileID: 100100000, guid: 4d57a31eab232457da9acbcc32af22cf, type: 3}
--- !u!4 &7461634559535917065 stripped
Transform:
  m_CorrespondingSourceObject: {fileID: 441432, guid: 4d57a31eab232457da9acbcc32af22cf, type: 3}
  m_PrefabInstance: {fileID: 7461634559536010321}
  m_PrefabAsset: {fileID: 0}
--- !u!1001 &7680737111061762833
PrefabInstance:
  m_ObjectHideFlags: 0
  serializedVersion: 2
  m_Modification:
    m_TransformParent: {fileID: 4475857489549791839}
    m_Modifications:
    - target: {fileID: 183172, guid: b9038ed84a1fe4aecb34086f7f42d1bf, type: 3}
      propertyPath: m_Name
      value: Roof_02 (1)
      objectReference: {fileID: 0}
    - target: {fileID: 433114, guid: b9038ed84a1fe4aecb34086f7f42d1bf, type: 3}
      propertyPath: m_RootOrder
      value: 4
      objectReference: {fileID: 0}
    - target: {fileID: 433114, guid: b9038ed84a1fe4aecb34086f7f42d1bf, type: 3}
      propertyPath: m_LocalPosition.x
      value: 3
      objectReference: {fileID: 0}
    - target: {fileID: 433114, guid: b9038ed84a1fe4aecb34086f7f42d1bf, type: 3}
      propertyPath: m_LocalPosition.y
      value: 3.75
      objectReference: {fileID: 0}
    - target: {fileID: 433114, guid: b9038ed84a1fe4aecb34086f7f42d1bf, type: 3}
      propertyPath: m_LocalPosition.z
      value: 0
      objectReference: {fileID: 0}
    - target: {fileID: 433114, guid: b9038ed84a1fe4aecb34086f7f42d1bf, type: 3}
      propertyPath: m_LocalRotation.w
      value: -0.00000016292068
      objectReference: {fileID: 0}
    - target: {fileID: 433114, guid: b9038ed84a1fe4aecb34086f7f42d1bf, type: 3}
      propertyPath: m_LocalRotation.x
      value: -0
      objectReference: {fileID: 0}
    - target: {fileID: 433114, guid: b9038ed84a1fe4aecb34086f7f42d1bf, type: 3}
      propertyPath: m_LocalRotation.y
      value: -0
      objectReference: {fileID: 0}
    - target: {fileID: 433114, guid: b9038ed84a1fe4aecb34086f7f42d1bf, type: 3}
      propertyPath: m_LocalRotation.z
      value: 1
      objectReference: {fileID: 0}
    - target: {fileID: 433114, guid: b9038ed84a1fe4aecb34086f7f42d1bf, type: 3}
      propertyPath: m_LocalEulerAnglesHint.x
      value: 0
      objectReference: {fileID: 0}
    - target: {fileID: 433114, guid: b9038ed84a1fe4aecb34086f7f42d1bf, type: 3}
      propertyPath: m_LocalEulerAnglesHint.y
      value: 0
      objectReference: {fileID: 0}
    - target: {fileID: 433114, guid: b9038ed84a1fe4aecb34086f7f42d1bf, type: 3}
      propertyPath: m_LocalEulerAnglesHint.z
      value: 0
      objectReference: {fileID: 0}
    m_RemovedComponents: []
  m_SourcePrefab: {fileID: 100100000, guid: b9038ed84a1fe4aecb34086f7f42d1bf, type: 3}
--- !u!4 &7680737111061399755 stripped
Transform:
  m_CorrespondingSourceObject: {fileID: 433114, guid: b9038ed84a1fe4aecb34086f7f42d1bf, type: 3}
  m_PrefabInstance: {fileID: 7680737111061762833}
  m_PrefabAsset: {fileID: 0}
--- !u!1001 &8180956508008827291
PrefabInstance:
  m_ObjectHideFlags: 0
  serializedVersion: 2
  m_Modification:
    m_TransformParent: {fileID: 8213640578004011455}
    m_Modifications:
    - target: {fileID: 119840, guid: c76d2d3504ddb4847940a815cad04644, type: 3}
      propertyPath: m_Name
      value: Floor_01
      objectReference: {fileID: 0}
    - target: {fileID: 416390, guid: c76d2d3504ddb4847940a815cad04644, type: 3}
      propertyPath: m_RootOrder
      value: 0
      objectReference: {fileID: 0}
    - target: {fileID: 416390, guid: c76d2d3504ddb4847940a815cad04644, type: 3}
      propertyPath: m_LocalScale.x
      value: 1
      objectReference: {fileID: 0}
    - target: {fileID: 416390, guid: c76d2d3504ddb4847940a815cad04644, type: 3}
      propertyPath: m_LocalScale.y
      value: 1
      objectReference: {fileID: 0}
    - target: {fileID: 416390, guid: c76d2d3504ddb4847940a815cad04644, type: 3}
      propertyPath: m_LocalScale.z
      value: 1
      objectReference: {fileID: 0}
    - target: {fileID: 416390, guid: c76d2d3504ddb4847940a815cad04644, type: 3}
      propertyPath: m_LocalPosition.x
      value: 3
      objectReference: {fileID: 0}
    - target: {fileID: 416390, guid: c76d2d3504ddb4847940a815cad04644, type: 3}
      propertyPath: m_LocalPosition.y
      value: 0
      objectReference: {fileID: 0}
    - target: {fileID: 416390, guid: c76d2d3504ddb4847940a815cad04644, type: 3}
      propertyPath: m_LocalPosition.z
      value: 0
      objectReference: {fileID: 0}
    - target: {fileID: 416390, guid: c76d2d3504ddb4847940a815cad04644, type: 3}
      propertyPath: m_LocalRotation.w
      value: 1
      objectReference: {fileID: 0}
    - target: {fileID: 416390, guid: c76d2d3504ddb4847940a815cad04644, type: 3}
      propertyPath: m_LocalRotation.x
      value: -0
      objectReference: {fileID: 0}
    - target: {fileID: 416390, guid: c76d2d3504ddb4847940a815cad04644, type: 3}
      propertyPath: m_LocalRotation.y
      value: -0
      objectReference: {fileID: 0}
    - target: {fileID: 416390, guid: c76d2d3504ddb4847940a815cad04644, type: 3}
      propertyPath: m_LocalRotation.z
      value: -0
      objectReference: {fileID: 0}
    - target: {fileID: 416390, guid: c76d2d3504ddb4847940a815cad04644, type: 3}
      propertyPath: m_LocalEulerAnglesHint.x
      value: 0
      objectReference: {fileID: 0}
    - target: {fileID: 416390, guid: c76d2d3504ddb4847940a815cad04644, type: 3}
      propertyPath: m_LocalEulerAnglesHint.y
      value: 0
      objectReference: {fileID: 0}
    - target: {fileID: 416390, guid: c76d2d3504ddb4847940a815cad04644, type: 3}
      propertyPath: m_LocalEulerAnglesHint.z
      value: 0
      objectReference: {fileID: 0}
    m_RemovedComponents: []
  m_SourcePrefab: {fileID: 100100000, guid: c76d2d3504ddb4847940a815cad04644, type: 3}
--- !u!4 &8180956508009206557 stripped
Transform:
  m_CorrespondingSourceObject: {fileID: 416390, guid: c76d2d3504ddb4847940a815cad04644, type: 3}
  m_PrefabInstance: {fileID: 8180956508008827291}
  m_PrefabAsset: {fileID: 0}
--- !u!1001 &8343912148836666406
PrefabInstance:
  m_ObjectHideFlags: 0
  serializedVersion: 2
  m_Modification:
    m_TransformParent: {fileID: 280423577104716885}
    m_Modifications:
    - target: {fileID: 119840, guid: c76d2d3504ddb4847940a815cad04644, type: 3}
      propertyPath: m_Name
      value: Floor_01 (5)
      objectReference: {fileID: 0}
    - target: {fileID: 416390, guid: c76d2d3504ddb4847940a815cad04644, type: 3}
      propertyPath: m_RootOrder
      value: 4
      objectReference: {fileID: 0}
    - target: {fileID: 416390, guid: c76d2d3504ddb4847940a815cad04644, type: 3}
      propertyPath: m_LocalScale.x
      value: 1
      objectReference: {fileID: 0}
    - target: {fileID: 416390, guid: c76d2d3504ddb4847940a815cad04644, type: 3}
      propertyPath: m_LocalScale.y
      value: 1
      objectReference: {fileID: 0}
    - target: {fileID: 416390, guid: c76d2d3504ddb4847940a815cad04644, type: 3}
      propertyPath: m_LocalScale.z
      value: 1
      objectReference: {fileID: 0}
    - target: {fileID: 416390, guid: c76d2d3504ddb4847940a815cad04644, type: 3}
      propertyPath: m_LocalPosition.x
      value: 0
      objectReference: {fileID: 0}
    - target: {fileID: 416390, guid: c76d2d3504ddb4847940a815cad04644, type: 3}
      propertyPath: m_LocalPosition.y
      value: 0
      objectReference: {fileID: 0}
    - target: {fileID: 416390, guid: c76d2d3504ddb4847940a815cad04644, type: 3}
      propertyPath: m_LocalPosition.z
      value: 3
      objectReference: {fileID: 0}
    - target: {fileID: 416390, guid: c76d2d3504ddb4847940a815cad04644, type: 3}
      propertyPath: m_LocalRotation.w
      value: 1
      objectReference: {fileID: 0}
    - target: {fileID: 416390, guid: c76d2d3504ddb4847940a815cad04644, type: 3}
      propertyPath: m_LocalRotation.x
      value: -0
      objectReference: {fileID: 0}
    - target: {fileID: 416390, guid: c76d2d3504ddb4847940a815cad04644, type: 3}
      propertyPath: m_LocalRotation.y
      value: -0
      objectReference: {fileID: 0}
    - target: {fileID: 416390, guid: c76d2d3504ddb4847940a815cad04644, type: 3}
      propertyPath: m_LocalRotation.z
      value: -0
      objectReference: {fileID: 0}
    - target: {fileID: 416390, guid: c76d2d3504ddb4847940a815cad04644, type: 3}
      propertyPath: m_LocalEulerAnglesHint.x
      value: 0
      objectReference: {fileID: 0}
    - target: {fileID: 416390, guid: c76d2d3504ddb4847940a815cad04644, type: 3}
      propertyPath: m_LocalEulerAnglesHint.y
      value: 0
      objectReference: {fileID: 0}
    - target: {fileID: 416390, guid: c76d2d3504ddb4847940a815cad04644, type: 3}
      propertyPath: m_LocalEulerAnglesHint.z
      value: 0
      objectReference: {fileID: 0}
    m_RemovedComponents: []
  m_SourcePrefab: {fileID: 100100000, guid: c76d2d3504ddb4847940a815cad04644, type: 3}
--- !u!4 &8343912148837045920 stripped
Transform:
  m_CorrespondingSourceObject: {fileID: 416390, guid: c76d2d3504ddb4847940a815cad04644, type: 3}
  m_PrefabInstance: {fileID: 8343912148836666406}
  m_PrefabAsset: {fileID: 0}
--- !u!1001 &8530747859966546936
PrefabInstance:
  m_ObjectHideFlags: 0
  serializedVersion: 2
  m_Modification:
    m_TransformParent: {fileID: 6951988983338677412}
    m_Modifications:
    - target: {fileID: 119840, guid: c76d2d3504ddb4847940a815cad04644, type: 3}
      propertyPath: m_Name
      value: Floor_01 (1)
      objectReference: {fileID: 0}
    - target: {fileID: 416390, guid: c76d2d3504ddb4847940a815cad04644, type: 3}
      propertyPath: m_RootOrder
      value: 0
      objectReference: {fileID: 0}
    - target: {fileID: 416390, guid: c76d2d3504ddb4847940a815cad04644, type: 3}
      propertyPath: m_LocalScale.x
      value: 1
      objectReference: {fileID: 0}
    - target: {fileID: 416390, guid: c76d2d3504ddb4847940a815cad04644, type: 3}
      propertyPath: m_LocalScale.y
      value: 1
      objectReference: {fileID: 0}
    - target: {fileID: 416390, guid: c76d2d3504ddb4847940a815cad04644, type: 3}
      propertyPath: m_LocalScale.z
      value: 1
      objectReference: {fileID: 0}
    - target: {fileID: 416390, guid: c76d2d3504ddb4847940a815cad04644, type: 3}
      propertyPath: m_LocalPosition.x
      value: 3
      objectReference: {fileID: 0}
    - target: {fileID: 416390, guid: c76d2d3504ddb4847940a815cad04644, type: 3}
      propertyPath: m_LocalPosition.y
      value: 0
      objectReference: {fileID: 0}
    - target: {fileID: 416390, guid: c76d2d3504ddb4847940a815cad04644, type: 3}
      propertyPath: m_LocalPosition.z
      value: 0
      objectReference: {fileID: 0}
    - target: {fileID: 416390, guid: c76d2d3504ddb4847940a815cad04644, type: 3}
      propertyPath: m_LocalRotation.w
      value: 1
      objectReference: {fileID: 0}
    - target: {fileID: 416390, guid: c76d2d3504ddb4847940a815cad04644, type: 3}
      propertyPath: m_LocalRotation.x
      value: -0
      objectReference: {fileID: 0}
    - target: {fileID: 416390, guid: c76d2d3504ddb4847940a815cad04644, type: 3}
      propertyPath: m_LocalRotation.y
      value: -0
      objectReference: {fileID: 0}
    - target: {fileID: 416390, guid: c76d2d3504ddb4847940a815cad04644, type: 3}
      propertyPath: m_LocalRotation.z
      value: -0
      objectReference: {fileID: 0}
    - target: {fileID: 416390, guid: c76d2d3504ddb4847940a815cad04644, type: 3}
      propertyPath: m_LocalEulerAnglesHint.x
      value: 0
      objectReference: {fileID: 0}
    - target: {fileID: 416390, guid: c76d2d3504ddb4847940a815cad04644, type: 3}
      propertyPath: m_LocalEulerAnglesHint.y
      value: 0
      objectReference: {fileID: 0}
    - target: {fileID: 416390, guid: c76d2d3504ddb4847940a815cad04644, type: 3}
      propertyPath: m_LocalEulerAnglesHint.z
      value: 0
      objectReference: {fileID: 0}
    m_RemovedComponents: []
  m_SourcePrefab: {fileID: 100100000, guid: c76d2d3504ddb4847940a815cad04644, type: 3}
--- !u!4 &8530747859966658942 stripped
Transform:
  m_CorrespondingSourceObject: {fileID: 416390, guid: c76d2d3504ddb4847940a815cad04644, type: 3}
  m_PrefabInstance: {fileID: 8530747859966546936}
  m_PrefabAsset: {fileID: 0}
--- !u!1001 &8673776039919833155
PrefabInstance:
  m_ObjectHideFlags: 0
  serializedVersion: 2
  m_Modification:
    m_TransformParent: {fileID: 6951988983338677412}
    m_Modifications:
    - target: {fileID: 183172, guid: b9038ed84a1fe4aecb34086f7f42d1bf, type: 3}
      propertyPath: m_Name
      value: Roof_02 (1)
      objectReference: {fileID: 0}
    - target: {fileID: 433114, guid: b9038ed84a1fe4aecb34086f7f42d1bf, type: 3}
      propertyPath: m_RootOrder
      value: 4
      objectReference: {fileID: 0}
    - target: {fileID: 433114, guid: b9038ed84a1fe4aecb34086f7f42d1bf, type: 3}
      propertyPath: m_LocalPosition.x
      value: 3
      objectReference: {fileID: 0}
    - target: {fileID: 433114, guid: b9038ed84a1fe4aecb34086f7f42d1bf, type: 3}
      propertyPath: m_LocalPosition.y
      value: 3.75
      objectReference: {fileID: 0}
    - target: {fileID: 433114, guid: b9038ed84a1fe4aecb34086f7f42d1bf, type: 3}
      propertyPath: m_LocalPosition.z
      value: 0
      objectReference: {fileID: 0}
    - target: {fileID: 433114, guid: b9038ed84a1fe4aecb34086f7f42d1bf, type: 3}
      propertyPath: m_LocalRotation.w
      value: -0.00000016292068
      objectReference: {fileID: 0}
    - target: {fileID: 433114, guid: b9038ed84a1fe4aecb34086f7f42d1bf, type: 3}
      propertyPath: m_LocalRotation.x
      value: -0
      objectReference: {fileID: 0}
    - target: {fileID: 433114, guid: b9038ed84a1fe4aecb34086f7f42d1bf, type: 3}
      propertyPath: m_LocalRotation.y
      value: -0
      objectReference: {fileID: 0}
    - target: {fileID: 433114, guid: b9038ed84a1fe4aecb34086f7f42d1bf, type: 3}
      propertyPath: m_LocalRotation.z
      value: 1
      objectReference: {fileID: 0}
    - target: {fileID: 433114, guid: b9038ed84a1fe4aecb34086f7f42d1bf, type: 3}
      propertyPath: m_LocalEulerAnglesHint.x
      value: 0
      objectReference: {fileID: 0}
    - target: {fileID: 433114, guid: b9038ed84a1fe4aecb34086f7f42d1bf, type: 3}
      propertyPath: m_LocalEulerAnglesHint.y
      value: 0
      objectReference: {fileID: 0}
    - target: {fileID: 433114, guid: b9038ed84a1fe4aecb34086f7f42d1bf, type: 3}
      propertyPath: m_LocalEulerAnglesHint.z
      value: 0
      objectReference: {fileID: 0}
    m_RemovedComponents: []
  m_SourcePrefab: {fileID: 100100000, guid: b9038ed84a1fe4aecb34086f7f42d1bf, type: 3}
--- !u!4 &8673776039919471513 stripped
Transform:
  m_CorrespondingSourceObject: {fileID: 433114, guid: b9038ed84a1fe4aecb34086f7f42d1bf, type: 3}
  m_PrefabInstance: {fileID: 8673776039919833155}
  m_PrefabAsset: {fileID: 0}
--- !u!1001 &9147133900484312862
PrefabInstance:
  m_ObjectHideFlags: 0
  serializedVersion: 2
  m_Modification:
    m_TransformParent: {fileID: 4475857489549791839}
    m_Modifications:
    - target: {fileID: 183172, guid: b9038ed84a1fe4aecb34086f7f42d1bf, type: 3}
      propertyPath: m_Name
      value: Roof_02
      objectReference: {fileID: 0}
    - target: {fileID: 433114, guid: b9038ed84a1fe4aecb34086f7f42d1bf, type: 3}
      propertyPath: m_RootOrder
      value: 3
      objectReference: {fileID: 0}
    - target: {fileID: 433114, guid: b9038ed84a1fe4aecb34086f7f42d1bf, type: 3}
      propertyPath: m_LocalPosition.x
      value: 0
      objectReference: {fileID: 0}
    - target: {fileID: 433114, guid: b9038ed84a1fe4aecb34086f7f42d1bf, type: 3}
      propertyPath: m_LocalPosition.y
      value: 3.75
      objectReference: {fileID: 0}
    - target: {fileID: 433114, guid: b9038ed84a1fe4aecb34086f7f42d1bf, type: 3}
      propertyPath: m_LocalPosition.z
      value: 0
      objectReference: {fileID: 0}
    - target: {fileID: 433114, guid: b9038ed84a1fe4aecb34086f7f42d1bf, type: 3}
      propertyPath: m_LocalRotation.w
      value: -0.00000016292068
      objectReference: {fileID: 0}
    - target: {fileID: 433114, guid: b9038ed84a1fe4aecb34086f7f42d1bf, type: 3}
      propertyPath: m_LocalRotation.x
      value: -0
      objectReference: {fileID: 0}
    - target: {fileID: 433114, guid: b9038ed84a1fe4aecb34086f7f42d1bf, type: 3}
      propertyPath: m_LocalRotation.y
      value: -0
      objectReference: {fileID: 0}
    - target: {fileID: 433114, guid: b9038ed84a1fe4aecb34086f7f42d1bf, type: 3}
      propertyPath: m_LocalRotation.z
      value: 1
      objectReference: {fileID: 0}
    - target: {fileID: 433114, guid: b9038ed84a1fe4aecb34086f7f42d1bf, type: 3}
      propertyPath: m_LocalEulerAnglesHint.x
      value: 0
      objectReference: {fileID: 0}
    - target: {fileID: 433114, guid: b9038ed84a1fe4aecb34086f7f42d1bf, type: 3}
      propertyPath: m_LocalEulerAnglesHint.y
      value: 0
      objectReference: {fileID: 0}
    - target: {fileID: 433114, guid: b9038ed84a1fe4aecb34086f7f42d1bf, type: 3}
      propertyPath: m_LocalEulerAnglesHint.z
      value: 0
      objectReference: {fileID: 0}
    m_RemovedComponents: []
  m_SourcePrefab: {fileID: 100100000, guid: b9038ed84a1fe4aecb34086f7f42d1bf, type: 3}
--- !u!4 &9147133900484142276 stripped
Transform:
  m_CorrespondingSourceObject: {fileID: 433114, guid: b9038ed84a1fe4aecb34086f7f42d1bf, type: 3}
  m_PrefabInstance: {fileID: 9147133900484312862}
  m_PrefabAsset: {fileID: 0}
