%YAML 1.1
%TAG !u! tag:unity3d.com,2011:
--- !u!1 &5032491459743931302
GameObject:
  m_ObjectHideFlags: 0
  m_CorrespondingSourceObject: {fileID: 0}
  m_PrefabInstance: {fileID: 0}
  m_PrefabAsset: {fileID: 0}
  serializedVersion: 6
  m_Component:
  - component: {fileID: 5032491459743931301}
  m_Layer: 0
  m_Name: Wall_5
  m_TagString: Untagged
  m_Icon: {fileID: 0}
  m_NavMeshLayer: 0
  m_StaticEditorFlags: 0
  m_IsActive: 1
--- !u!4 &5032491459743931301
Transform:
  m_ObjectHideFlags: 0
  m_CorrespondingSourceObject: {fileID: 0}
  m_PrefabInstance: {fileID: 0}
  m_PrefabAsset: {fileID: 0}
  m_GameObject: {fileID: 5032491459743931302}
  m_LocalRotation: {x: 0, y: 0, z: 0, w: 1}
  m_LocalPosition: {x: 0, y: 0, z: 0}
  m_LocalScale: {x: 1, y: 1, z: 1}
  m_Children:
  - {fileID: 3566819629586459004}
  - {fileID: 3566819628940939891}
  - {fileID: 3566819629608772398}
  m_Father: {fileID: 0}
  m_RootOrder: 0
  m_LocalEulerAnglesHint: {x: 0, y: 0, z: 0}
--- !u!1001 &5032491458881044871
PrefabInstance:
  m_ObjectHideFlags: 0
  serializedVersion: 2
  m_Modification:
    m_TransformParent: {fileID: 5032491459743931301}
    m_Modifications:
    - target: {fileID: 436803757382656117, guid: 7d92e37f29c39fb47bc727747d3d552f, type: 3}
      propertyPath: m_Name
      value: Wall_3 (1)
      objectReference: {fileID: 0}
    - target: {fileID: 8406219253771965428, guid: 7d92e37f29c39fb47bc727747d3d552f, type: 3}
      propertyPath: m_RootOrder
      value: 1
      objectReference: {fileID: 0}
    - target: {fileID: 8406219253771965428, guid: 7d92e37f29c39fb47bc727747d3d552f, type: 3}
      propertyPath: m_LocalPosition.x
      value: 3.7
      objectReference: {fileID: 0}
    - target: {fileID: 8406219253771965428, guid: 7d92e37f29c39fb47bc727747d3d552f, type: 3}
      propertyPath: m_LocalPosition.y
      value: 0
      objectReference: {fileID: 0}
    - target: {fileID: 8406219253771965428, guid: 7d92e37f29c39fb47bc727747d3d552f, type: 3}
      propertyPath: m_LocalPosition.z
      value: 0
      objectReference: {fileID: 0}
    - target: {fileID: 8406219253771965428, guid: 7d92e37f29c39fb47bc727747d3d552f, type: 3}
      propertyPath: m_LocalRotation.w
      value: 1
      objectReference: {fileID: 0}
    - target: {fileID: 8406219253771965428, guid: 7d92e37f29c39fb47bc727747d3d552f, type: 3}
      propertyPath: m_LocalRotation.x
      value: -0
      objectReference: {fileID: 0}
    - target: {fileID: 8406219253771965428, guid: 7d92e37f29c39fb47bc727747d3d552f, type: 3}
      propertyPath: m_LocalRotation.y
      value: -0
      objectReference: {fileID: 0}
    - target: {fileID: 8406219253771965428, guid: 7d92e37f29c39fb47bc727747d3d552f, type: 3}
      propertyPath: m_LocalRotation.z
      value: -0
      objectReference: {fileID: 0}
    - target: {fileID: 8406219253771965428, guid: 7d92e37f29c39fb47bc727747d3d552f, type: 3}
      propertyPath: m_LocalEulerAnglesHint.x
      value: 0
      objectReference: {fileID: 0}
    - target: {fileID: 8406219253771965428, guid: 7d92e37f29c39fb47bc727747d3d552f, type: 3}
      propertyPath: m_LocalEulerAnglesHint.y
      value: 0
      objectReference: {fileID: 0}
    - target: {fileID: 8406219253771965428, guid: 7d92e37f29c39fb47bc727747d3d552f, type: 3}
      propertyPath: m_LocalEulerAnglesHint.z
      value: 0
      objectReference: {fileID: 0}
    m_RemovedComponents: []
  m_SourcePrefab: {fileID: 100100000, guid: 7d92e37f29c39fb47bc727747d3d552f, type: 3}
--- !u!4 &3566819628940939891 stripped
Transform:
  m_CorrespondingSourceObject: {fileID: 8406219253771965428, guid: 7d92e37f29c39fb47bc727747d3d552f, type: 3}
  m_PrefabInstance: {fileID: 5032491458881044871}
  m_PrefabAsset: {fileID: 0}
--- !u!1001 &5032491459280384218
PrefabInstance:
  m_ObjectHideFlags: 0
  serializedVersion: 2
  m_Modification:
    m_TransformParent: {fileID: 5032491459743931301}
    m_Modifications:
    - target: {fileID: 436803757382656117, guid: 7d92e37f29c39fb47bc727747d3d552f, type: 3}
      propertyPath: m_Name
      value: Wall_3 (2)
      objectReference: {fileID: 0}
    - target: {fileID: 8406219253771965428, guid: 7d92e37f29c39fb47bc727747d3d552f, type: 3}
      propertyPath: m_RootOrder
      value: 2
      objectReference: {fileID: 0}
    - target: {fileID: 8406219253771965428, guid: 7d92e37f29c39fb47bc727747d3d552f, type: 3}
      propertyPath: m_LocalPosition.x
      value: 7.4
      objectReference: {fileID: 0}
    - target: {fileID: 8406219253771965428, guid: 7d92e37f29c39fb47bc727747d3d552f, type: 3}
      propertyPath: m_LocalPosition.y
      value: 0
      objectReference: {fileID: 0}
    - target: {fileID: 8406219253771965428, guid: 7d92e37f29c39fb47bc727747d3d552f, type: 3}
      propertyPath: m_LocalPosition.z
      value: 0
      objectReference: {fileID: 0}
    - target: {fileID: 8406219253771965428, guid: 7d92e37f29c39fb47bc727747d3d552f, type: 3}
      propertyPath: m_LocalRotation.w
      value: 1
      objectReference: {fileID: 0}
    - target: {fileID: 8406219253771965428, guid: 7d92e37f29c39fb47bc727747d3d552f, type: 3}
      propertyPath: m_LocalRotation.x
      value: -0
      objectReference: {fileID: 0}
    - target: {fileID: 8406219253771965428, guid: 7d92e37f29c39fb47bc727747d3d552f, type: 3}
      propertyPath: m_LocalRotation.y
      value: -0
      objectReference: {fileID: 0}
    - target: {fileID: 8406219253771965428, guid: 7d92e37f29c39fb47bc727747d3d552f, type: 3}
      propertyPath: m_LocalRotation.z
      value: -0
      objectReference: {fileID: 0}
    - target: {fileID: 8406219253771965428, guid: 7d92e37f29c39fb47bc727747d3d552f, type: 3}
      propertyPath: m_LocalEulerAnglesHint.x
      value: 0
      objectReference: {fileID: 0}
    - target: {fileID: 8406219253771965428, guid: 7d92e37f29c39fb47bc727747d3d552f, type: 3}
      propertyPath: m_LocalEulerAnglesHint.y
      value: 0
      objectReference: {fileID: 0}
    - target: {fileID: 8406219253771965428, guid: 7d92e37f29c39fb47bc727747d3d552f, type: 3}
      propertyPath: m_LocalEulerAnglesHint.z
      value: 0
      objectReference: {fileID: 0}
    m_RemovedComponents: []
  m_SourcePrefab: {fileID: 100100000, guid: 7d92e37f29c39fb47bc727747d3d552f, type: 3}
--- !u!4 &3566819629608772398 stripped
Transform:
  m_CorrespondingSourceObject: {fileID: 8406219253771965428, guid: 7d92e37f29c39fb47bc727747d3d552f, type: 3}
  m_PrefabInstance: {fileID: 5032491459280384218}
  m_PrefabAsset: {fileID: 0}
--- !u!1001 &5032491459358800520
PrefabInstance:
  m_ObjectHideFlags: 0
  serializedVersion: 2
  m_Modification:
    m_TransformParent: {fileID: 5032491459743931301}
    m_Modifications:
    - target: {fileID: 436803757382656117, guid: 7d92e37f29c39fb47bc727747d3d552f, type: 3}
      propertyPath: m_Name
      value: Wall_3
      objectReference: {fileID: 0}
    - target: {fileID: 8406219253771965428, guid: 7d92e37f29c39fb47bc727747d3d552f, type: 3}
      propertyPath: m_RootOrder
      value: 0
      objectReference: {fileID: 0}
    - target: {fileID: 8406219253771965428, guid: 7d92e37f29c39fb47bc727747d3d552f, type: 3}
      propertyPath: m_LocalPosition.x
      value: 0
      objectReference: {fileID: 0}
    - target: {fileID: 8406219253771965428, guid: 7d92e37f29c39fb47bc727747d3d552f, type: 3}
      propertyPath: m_LocalPosition.y
      value: 0
      objectReference: {fileID: 0}
    - target: {fileID: 8406219253771965428, guid: 7d92e37f29c39fb47bc727747d3d552f, type: 3}
      propertyPath: m_LocalPosition.z
      value: 0
      objectReference: {fileID: 0}
    - target: {fileID: 8406219253771965428, guid: 7d92e37f29c39fb47bc727747d3d552f, type: 3}
      propertyPath: m_LocalRotation.w
      value: 1
      objectReference: {fileID: 0}
    - target: {fileID: 8406219253771965428, guid: 7d92e37f29c39fb47bc727747d3d552f, type: 3}
      propertyPath: m_LocalRotation.x
      value: -0
      objectReference: {fileID: 0}
    - target: {fileID: 8406219253771965428, guid: 7d92e37f29c39fb47bc727747d3d552f, type: 3}
      propertyPath: m_LocalRotation.y
      value: -0
      objectReference: {fileID: 0}
    - target: {fileID: 8406219253771965428, guid: 7d92e37f29c39fb47bc727747d3d552f, type: 3}
      propertyPath: m_LocalRotation.z
      value: -0
      objectReference: {fileID: 0}
    - target: {fileID: 8406219253771965428, guid: 7d92e37f29c39fb47bc727747d3d552f, type: 3}
      propertyPath: m_LocalEulerAnglesHint.x
      value: 0
      objectReference: {fileID: 0}
    - target: {fileID: 8406219253771965428, guid: 7d92e37f29c39fb47bc727747d3d552f, type: 3}
      propertyPath: m_LocalEulerAnglesHint.y
      value: 0
      objectReference: {fileID: 0}
    - target: {fileID: 8406219253771965428, guid: 7d92e37f29c39fb47bc727747d3d552f, type: 3}
      propertyPath: m_LocalEulerAnglesHint.z
      value: 0
      objectReference: {fileID: 0}
    m_RemovedComponents: []
  m_SourcePrefab: {fileID: 100100000, guid: 7d92e37f29c39fb47bc727747d3d552f, type: 3}
--- !u!4 &3566819629586459004 stripped
Transform:
  m_CorrespondingSourceObject: {fileID: 8406219253771965428, guid: 7d92e37f29c39fb47bc727747d3d552f, type: 3}
  m_PrefabInstance: {fileID: 5032491459358800520}
  m_PrefabAsset: {fileID: 0}
