%YAML 1.1
%TAG !u! tag:unity3d.com,2011:
--- !u!1 &2843535800805209658
GameObject:
  m_ObjectHideFlags: 0
  m_CorrespondingSourceObject: {fileID: 0}
  m_PrefabInstance: {fileID: 0}
  m_PrefabAsset: {fileID: 0}
  serializedVersion: 6
  m_Component:
  - component: {fileID: 2843535800805209657}
  m_Layer: 0
  m_Name: Colliders
  m_TagString: Untagged
  m_Icon: {fileID: 0}
  m_NavMeshLayer: 0
  m_StaticEditorFlags: 0
  m_IsActive: 1
--- !u!4 &2843535800805209657
Transform:
  m_ObjectHideFlags: 0
  m_CorrespondingSourceObject: {fileID: 0}
  m_PrefabInstance: {fileID: 0}
  m_PrefabAsset: {fileID: 0}
  m_GameObject: {fileID: 2843535800805209658}
  m_LocalRotation: {x: 0, y: -0.7071068, z: 0, w: 0.7071068}
  m_LocalPosition: {x: 2.18, y: 0, z: 1.11}
  m_LocalScale: {x: 1, y: 1, z: 1}
  m_Children:
  - {fileID: 2843535801758532611}
  m_Father: {fileID: 2843535801066326842}
  m_RootOrder: 1
  m_LocalEulerAnglesHint: {x: 0, y: -90, z: 0}
--- !u!1 &2843535801066326843
GameObject:
  m_ObjectHideFlags: 0
  m_CorrespondingSourceObject: {fileID: 0}
  m_PrefabInstance: {fileID: 0}
  m_PrefabAsset: {fileID: 0}
  serializedVersion: 6
  m_Component:
  - component: {fileID: 2843535801066326842}
  m_Layer: 0
  m_Name: Column
  m_TagString: Untagged
  m_Icon: {fileID: 0}
  m_NavMeshLayer: 0
  m_StaticEditorFlags: 0
  m_IsActive: 1
--- !u!4 &2843535801066326842
Transform:
  m_ObjectHideFlags: 0
  m_CorrespondingSourceObject: {fileID: 0}
  m_PrefabInstance: {fileID: 0}
  m_PrefabAsset: {fileID: 0}
  m_GameObject: {fileID: 2843535801066326843}
  m_LocalRotation: {x: 0, y: 0, z: 0, w: 1}
  m_LocalPosition: {x: 0, y: 0, z: 0}
  m_LocalScale: {x: 1.5, y: 1.7, z: 3}
  m_Children:
  - {fileID: 6458726812392020026}
  - {fileID: 2843535800805209657}
  m_Father: {fileID: 0}
  m_RootOrder: 0
  m_LocalEulerAnglesHint: {x: 0, y: 0, z: 0}
--- !u!1 &2843535801758532612
GameObject:
  m_ObjectHideFlags: 0
  m_CorrespondingSourceObject: {fileID: 0}
  m_PrefabInstance: {fileID: 0}
  m_PrefabAsset: {fileID: 0}
  serializedVersion: 6
  m_Component:
  - component: {fileID: 2843535801758532611}
  - component: {fileID: 2843535801758532610}
  m_Layer: 0
  m_Name: Collider_1
  m_TagString: Untagged
  m_Icon: {fileID: 0}
  m_NavMeshLayer: 0
  m_StaticEditorFlags: 0
  m_IsActive: 1
--- !u!4 &2843535801758532611
Transform:
  m_ObjectHideFlags: 0
  m_CorrespondingSourceObject: {fileID: 0}
  m_PrefabInstance: {fileID: 0}
  m_PrefabAsset: {fileID: 0}
  m_GameObject: {fileID: 2843535801758532612}
  m_LocalRotation: {x: 0, y: 0, z: 0, w: 1}
  m_LocalPosition: {x: 0, y: 4, z: 0}
  m_LocalScale: {x: 1, y: 1, z: 1}
  m_Children: []
  m_Father: {fileID: 2843535800805209657}
  m_RootOrder: 0
  m_LocalEulerAnglesHint: {x: 0, y: 0, z: 0}
--- !u!65 &2843535801758532610
BoxCollider:
  m_ObjectHideFlags: 0
  m_CorrespondingSourceObject: {fileID: 0}
  m_PrefabInstance: {fileID: 0}
  m_PrefabAsset: {fileID: 0}
  m_GameObject: {fileID: 2843535801758532612}
  m_Material: {fileID: 0}
  m_IsTrigger: 0
  m_Enabled: 1
  serializedVersion: 2
  m_Size: {x: 3, y: 8, z: 5}
  m_Center: {x: 0, y: 0, z: 0}
--- !u!1001 &2843535799780991815
PrefabInstance:
  m_ObjectHideFlags: 0
  serializedVersion: 2
  m_Modification:
    m_TransformParent: {fileID: 2843535801066326842}
    m_Modifications:
    - target: {fileID: 8900838258180151802, guid: 5a31141e6696d45ab926369601cca605, type: 3}
      propertyPath: m_Name
      value: Column
      objectReference: {fileID: 0}
    - target: {fileID: 9139005884434201469, guid: 5a31141e6696d45ab926369601cca605, type: 3}
      propertyPath: m_RootOrder
      value: 0
      objectReference: {fileID: 0}
    - target: {fileID: 9139005884434201469, guid: 5a31141e6696d45ab926369601cca605, type: 3}
      propertyPath: m_LocalScale.x
      value: 100
      objectReference: {fileID: 0}
    - target: {fileID: 9139005884434201469, guid: 5a31141e6696d45ab926369601cca605, type: 3}
      propertyPath: m_LocalScale.y
      value: 200
      objectReference: {fileID: 0}
    - target: {fileID: 9139005884434201469, guid: 5a31141e6696d45ab926369601cca605, type: 3}
      propertyPath: m_LocalScale.z
      value: 200
      objectReference: {fileID: 0}
    - target: {fileID: 9139005884434201469, guid: 5a31141e6696d45ab926369601cca605, type: 3}
      propertyPath: m_LocalPosition.x
      value: 2.22
      objectReference: {fileID: 0}
    - target: {fileID: 9139005884434201469, guid: 5a31141e6696d45ab926369601cca605, type: 3}
      propertyPath: m_LocalPosition.y
      value: 2
      objectReference: {fileID: 0}
    - target: {fileID: 9139005884434201469, guid: 5a31141e6696d45ab926369601cca605, type: 3}
      propertyPath: m_LocalPosition.z
      value: 1.11
      objectReference: {fileID: 0}
    - target: {fileID: 9139005884434201469, guid: 5a31141e6696d45ab926369601cca605, type: 3}
      propertyPath: m_LocalRotation.w
      value: 0.5
      objectReference: {fileID: 0}
    - target: {fileID: 9139005884434201469, guid: 5a31141e6696d45ab926369601cca605, type: 3}
      propertyPath: m_LocalRotation.x
      value: -0.5
      objectReference: {fileID: 0}
    - target: {fileID: 9139005884434201469, guid: 5a31141e6696d45ab926369601cca605, type: 3}
      propertyPath: m_LocalRotation.y
      value: -0.5
      objectReference: {fileID: 0}
    - target: {fileID: 9139005884434201469, guid: 5a31141e6696d45ab926369601cca605, type: 3}
      propertyPath: m_LocalRotation.z
      value: -0.5
      objectReference: {fileID: 0}
    - target: {fileID: 9139005884434201469, guid: 5a31141e6696d45ab926369601cca605, type: 3}
      propertyPath: m_LocalEulerAnglesHint.x
      value: -90
      objectReference: {fileID: 0}
    - target: {fileID: 9139005884434201469, guid: 5a31141e6696d45ab926369601cca605, type: 3}
      propertyPath: m_LocalEulerAnglesHint.y
      value: -90
      objectReference: {fileID: 0}
    - target: {fileID: 9139005884434201469, guid: 5a31141e6696d45ab926369601cca605, type: 3}
      propertyPath: m_LocalEulerAnglesHint.z
      value: 0
      objectReference: {fileID: 0}
    m_RemovedComponents: []
  m_SourcePrefab: {fileID: 100100000, guid: 5a31141e6696d45ab926369601cca605, type: 3}
--- !u!4 &6458726812392020026 stripped
Transform:
  m_CorrespondingSourceObject: {fileID: 9139005884434201469, guid: 5a31141e6696d45ab926369601cca605, type: 3}
  m_PrefabInstance: {fileID: 2843535799780991815}
  m_PrefabAsset: {fileID: 0}
