%YAML 1.1
%TAG !u! tag:unity3d.com,2011:
--- !u!29 &1
OcclusionCullingSettings:
  m_ObjectHideFlags: 0
  serializedVersion: 2
  m_OcclusionBakeSettings:
    smallestOccluder: 5
    smallestHole: 0.25
    backfaceThreshold: 100
  m_SceneGUID: 00000000000000000000000000000000
  m_OcclusionCullingData: {fileID: 0}
--- !u!104 &2
RenderSettings:
  m_ObjectHideFlags: 0
  serializedVersion: 9
  m_Fog: 0
  m_FogColor: {r: 0.5, g: 0.5, b: 0.5, a: 1}
  m_FogMode: 3
  m_FogDensity: 0.01
  m_LinearFogStart: 0
  m_LinearFogEnd: 300
  m_AmbientSkyColor: {r: 0.212, g: 0.227, b: 0.259, a: 1}
  m_AmbientEquatorColor: {r: 0.114, g: 0.125, b: 0.133, a: 1}
  m_AmbientGroundColor: {r: 0.047, g: 0.043, b: 0.035, a: 1}
  m_AmbientIntensity: 1
  m_AmbientMode: 0
  m_SubtractiveShadowColor: {r: 0.42, g: 0.478, b: 0.627, a: 1}
  m_SkyboxMaterial: {fileID: 10304, guid: 0000000000000000f000000000000000, type: 0}
  m_HaloStrength: 0.5
  m_FlareStrength: 1
  m_FlareFadeSpeed: 3
  m_HaloTexture: {fileID: 0}
  m_SpotCookie: {fileID: 10001, guid: 0000000000000000e000000000000000, type: 0}
  m_DefaultReflectionMode: 0
  m_DefaultReflectionResolution: 128
  m_ReflectionBounces: 1
  m_ReflectionIntensity: 1
  m_CustomReflection: {fileID: 0}
  m_Sun: {fileID: 705507994}
  m_IndirectSpecularColor: {r: 0.44658017, g: 0.49641502, b: 0.57482153, a: 1}
  m_UseRadianceAmbientProbe: 0
--- !u!157 &3
LightmapSettings:
  m_ObjectHideFlags: 0
  serializedVersion: 12
  m_GIWorkflowMode: 1
  m_GISettings:
    serializedVersion: 2
    m_BounceScale: 1
    m_IndirectOutputScale: 1
    m_AlbedoBoost: 1
    m_EnvironmentLightingMode: 0
    m_EnableBakedLightmaps: 1
    m_EnableRealtimeLightmaps: 0
  m_LightmapEditorSettings:
    serializedVersion: 12
    m_Resolution: 2
    m_BakeResolution: 40
    m_AtlasSize: 1024
    m_AO: 0
    m_AOMaxDistance: 1
    m_CompAOExponent: 1
    m_CompAOExponentDirect: 0
    m_ExtractAmbientOcclusion: 0
    m_Padding: 2
    m_LightmapParameters: {fileID: 0}
    m_LightmapsBakeMode: 1
    m_TextureCompression: 1
    m_FinalGather: 0
    m_FinalGatherFiltering: 1
    m_FinalGatherRayCount: 256
    m_ReflectionCompression: 2
    m_MixedBakeMode: 2
    m_BakeBackend: 1
    m_PVRSampling: 1
    m_PVRDirectSampleCount: 32
    m_PVRSampleCount: 500
    m_PVRBounces: 2
    m_PVREnvironmentSampleCount: 500
    m_PVREnvironmentReferencePointCount: 2048
    m_PVRFilteringMode: 2
    m_PVRDenoiserTypeDirect: 0
    m_PVRDenoiserTypeIndirect: 0
    m_PVRDenoiserTypeAO: 0
    m_PVRFilterTypeDirect: 0
    m_PVRFilterTypeIndirect: 0
    m_PVRFilterTypeAO: 0
    m_PVREnvironmentMIS: 0
    m_PVRCulling: 1
    m_PVRFilteringGaussRadiusDirect: 1
    m_PVRFilteringGaussRadiusIndirect: 5
    m_PVRFilteringGaussRadiusAO: 2
    m_PVRFilteringAtrousPositionSigmaDirect: 0.5
    m_PVRFilteringAtrousPositionSigmaIndirect: 2
    m_PVRFilteringAtrousPositionSigmaAO: 1
    m_ExportTrainingData: 0
    m_TrainingDataDestination: TrainingData
    m_LightProbeSampleCountMultiplier: 4
  m_LightingDataAsset: {fileID: 0}
  m_LightingSettings: {fileID: 0}
--- !u!196 &4
NavMeshSettings:
  serializedVersion: 2
  m_ObjectHideFlags: 0
  m_BuildSettings:
    serializedVersion: 2
    agentTypeID: 0
    agentRadius: 0.5
    agentHeight: 2
    agentSlope: 45
    agentClimb: 0.4
    ledgeDropHeight: 0
    maxJumpAcrossDistance: 0
    minRegionArea: 2
    manualCellSize: 0
    cellSize: 0.16666667
    manualTileSize: 0
    tileSize: 256
    accuratePlacement: 0
    maxJobWorkers: 0
    preserveTilesOutsideBounds: 0
    debug:
      m_Flags: 0
  m_NavMeshData: {fileID: 0}
--- !u!1001 &50382781
PrefabInstance:
  m_ObjectHideFlags: 0
  serializedVersion: 2
  m_Modification:
    m_TransformParent: {fileID: 901368522}
    m_Modifications:
    - target: {fileID: 183170, guid: 56f887c8f9289447895ae8a07be226ec, type: 3}
      propertyPath: m_Name
      value: Room_Big_Part_02
      objectReference: {fileID: 0}
    - target: {fileID: 480456, guid: 56f887c8f9289447895ae8a07be226ec, type: 3}
      propertyPath: m_RootOrder
      value: 1
      objectReference: {fileID: 0}
    - target: {fileID: 480456, guid: 56f887c8f9289447895ae8a07be226ec, type: 3}
      propertyPath: m_LocalPosition.x
      value: 7
      objectReference: {fileID: 0}
    - target: {fileID: 480456, guid: 56f887c8f9289447895ae8a07be226ec, type: 3}
      propertyPath: m_LocalPosition.y
      value: 0
      objectReference: {fileID: 0}
    - target: {fileID: 480456, guid: 56f887c8f9289447895ae8a07be226ec, type: 3}
      propertyPath: m_LocalPosition.z
      value: 9
      objectReference: {fileID: 0}
    - target: {fileID: 480456, guid: 56f887c8f9289447895ae8a07be226ec, type: 3}
      propertyPath: m_LocalRotation.w
      value: 1
      objectReference: {fileID: 0}
    - target: {fileID: 480456, guid: 56f887c8f9289447895ae8a07be226ec, type: 3}
      propertyPath: m_LocalRotation.x
      value: -0
      objectReference: {fileID: 0}
    - target: {fileID: 480456, guid: 56f887c8f9289447895ae8a07be226ec, type: 3}
      propertyPath: m_LocalRotation.y
      value: -0
      objectReference: {fileID: 0}
    - target: {fileID: 480456, guid: 56f887c8f9289447895ae8a07be226ec, type: 3}
      propertyPath: m_LocalRotation.z
      value: -0
      objectReference: {fileID: 0}
    - target: {fileID: 480456, guid: 56f887c8f9289447895ae8a07be226ec, type: 3}
      propertyPath: m_LocalEulerAnglesHint.x
      value: 0
      objectReference: {fileID: 0}
    - target: {fileID: 480456, guid: 56f887c8f9289447895ae8a07be226ec, type: 3}
      propertyPath: m_LocalEulerAnglesHint.y
      value: 0
      objectReference: {fileID: 0}
    - target: {fileID: 480456, guid: 56f887c8f9289447895ae8a07be226ec, type: 3}
      propertyPath: m_LocalEulerAnglesHint.z
      value: 0
      objectReference: {fileID: 0}
    m_RemovedComponents: []
  m_SourcePrefab: {fileID: 100100000, guid: 56f887c8f9289447895ae8a07be226ec, type: 3}
--- !u!4 &50382782 stripped
Transform:
  m_CorrespondingSourceObject: {fileID: 480456, guid: 56f887c8f9289447895ae8a07be226ec, type: 3}
  m_PrefabInstance: {fileID: 50382781}
  m_PrefabAsset: {fileID: 0}
--- !u!1001 &92272790
PrefabInstance:
  m_ObjectHideFlags: 0
  serializedVersion: 2
  m_Modification:
    m_TransformParent: {fileID: 729341694}
    m_Modifications:
    - target: {fileID: 119840, guid: c76d2d3504ddb4847940a815cad04644, type: 3}
      propertyPath: m_Name
      value: Floor_01 (3)
      objectReference: {fileID: 0}
    - target: {fileID: 416390, guid: c76d2d3504ddb4847940a815cad04644, type: 3}
      propertyPath: m_RootOrder
      value: 3
      objectReference: {fileID: 0}
    - target: {fileID: 416390, guid: c76d2d3504ddb4847940a815cad04644, type: 3}
      propertyPath: m_LocalPosition.x
      value: -3
      objectReference: {fileID: 0}
    - target: {fileID: 416390, guid: c76d2d3504ddb4847940a815cad04644, type: 3}
      propertyPath: m_LocalPosition.y
      value: 0
      objectReference: {fileID: 0}
    - target: {fileID: 416390, guid: c76d2d3504ddb4847940a815cad04644, type: 3}
      propertyPath: m_LocalPosition.z
      value: 3
      objectReference: {fileID: 0}
    - target: {fileID: 416390, guid: c76d2d3504ddb4847940a815cad04644, type: 3}
      propertyPath: m_LocalRotation.w
      value: 1
      objectReference: {fileID: 0}
    - target: {fileID: 416390, guid: c76d2d3504ddb4847940a815cad04644, type: 3}
      propertyPath: m_LocalRotation.x
      value: -0
      objectReference: {fileID: 0}
    - target: {fileID: 416390, guid: c76d2d3504ddb4847940a815cad04644, type: 3}
      propertyPath: m_LocalRotation.y
      value: -0
      objectReference: {fileID: 0}
    - target: {fileID: 416390, guid: c76d2d3504ddb4847940a815cad04644, type: 3}
      propertyPath: m_LocalRotation.z
      value: -0
      objectReference: {fileID: 0}
    - target: {fileID: 416390, guid: c76d2d3504ddb4847940a815cad04644, type: 3}
      propertyPath: m_LocalEulerAnglesHint.x
      value: 0
      objectReference: {fileID: 0}
    - target: {fileID: 416390, guid: c76d2d3504ddb4847940a815cad04644, type: 3}
      propertyPath: m_LocalEulerAnglesHint.y
      value: 0
      objectReference: {fileID: 0}
    - target: {fileID: 416390, guid: c76d2d3504ddb4847940a815cad04644, type: 3}
      propertyPath: m_LocalEulerAnglesHint.z
      value: 0
      objectReference: {fileID: 0}
    m_RemovedComponents: []
  m_SourcePrefab: {fileID: 100100000, guid: c76d2d3504ddb4847940a815cad04644, type: 3}
--- !u!4 &92272791 stripped
Transform:
  m_CorrespondingSourceObject: {fileID: 416390, guid: c76d2d3504ddb4847940a815cad04644, type: 3}
  m_PrefabInstance: {fileID: 92272790}
  m_PrefabAsset: {fileID: 0}
--- !u!1001 &158965507
PrefabInstance:
  m_ObjectHideFlags: 0
  serializedVersion: 2
  m_Modification:
    m_TransformParent: {fileID: 729341694}
    m_Modifications:
    - target: {fileID: 103644, guid: a4c18952442944083b1fddc06ba477c2, type: 3}
      propertyPath: m_Name
      value: Wall_Simple_01 (1)
      objectReference: {fileID: 0}
    - target: {fileID: 409034, guid: a4c18952442944083b1fddc06ba477c2, type: 3}
      propertyPath: m_RootOrder
      value: 10
      objectReference: {fileID: 0}
    - target: {fileID: 409034, guid: a4c18952442944083b1fddc06ba477c2, type: 3}
      propertyPath: m_LocalPosition.x
      value: 3
      objectReference: {fileID: 0}
    - target: {fileID: 409034, guid: a4c18952442944083b1fddc06ba477c2, type: 3}
      propertyPath: m_LocalPosition.y
      value: 0
      objectReference: {fileID: 0}
    - target: {fileID: 409034, guid: a4c18952442944083b1fddc06ba477c2, type: 3}
      propertyPath: m_LocalPosition.z
      value: 6
      objectReference: {fileID: 0}
    - target: {fileID: 409034, guid: a4c18952442944083b1fddc06ba477c2, type: 3}
      propertyPath: m_LocalRotation.w
      value: -0.00000016292068
      objectReference: {fileID: 0}
    - target: {fileID: 409034, guid: a4c18952442944083b1fddc06ba477c2, type: 3}
      propertyPath: m_LocalRotation.x
      value: -0
      objectReference: {fileID: 0}
    - target: {fileID: 409034, guid: a4c18952442944083b1fddc06ba477c2, type: 3}
      propertyPath: m_LocalRotation.y
      value: 1
      objectReference: {fileID: 0}
    - target: {fileID: 409034, guid: a4c18952442944083b1fddc06ba477c2, type: 3}
      propertyPath: m_LocalRotation.z
      value: -0
      objectReference: {fileID: 0}
    - target: {fileID: 409034, guid: a4c18952442944083b1fddc06ba477c2, type: 3}
      propertyPath: m_LocalEulerAnglesHint.x
      value: 0
      objectReference: {fileID: 0}
    - target: {fileID: 409034, guid: a4c18952442944083b1fddc06ba477c2, type: 3}
      propertyPath: m_LocalEulerAnglesHint.y
      value: 0
      objectReference: {fileID: 0}
    - target: {fileID: 409034, guid: a4c18952442944083b1fddc06ba477c2, type: 3}
      propertyPath: m_LocalEulerAnglesHint.z
      value: 0
      objectReference: {fileID: 0}
    m_RemovedComponents: []
  m_SourcePrefab: {fileID: 100100000, guid: a4c18952442944083b1fddc06ba477c2, type: 3}
--- !u!4 &158965508 stripped
Transform:
  m_CorrespondingSourceObject: {fileID: 409034, guid: a4c18952442944083b1fddc06ba477c2, type: 3}
  m_PrefabInstance: {fileID: 158965507}
  m_PrefabAsset: {fileID: 0}
--- !u!1001 &625639436
PrefabInstance:
  m_ObjectHideFlags: 0
  serializedVersion: 2
  m_Modification:
    m_TransformParent: {fileID: 729341694}
    m_Modifications:
    - target: {fileID: 119840, guid: c76d2d3504ddb4847940a815cad04644, type: 3}
      propertyPath: m_Name
      value: Floor_01 (7)
      objectReference: {fileID: 0}
    - target: {fileID: 416390, guid: c76d2d3504ddb4847940a815cad04644, type: 3}
      propertyPath: m_RootOrder
      value: 7
      objectReference: {fileID: 0}
    - target: {fileID: 416390, guid: c76d2d3504ddb4847940a815cad04644, type: 3}
      propertyPath: m_LocalPosition.x
      value: 0
      objectReference: {fileID: 0}
    - target: {fileID: 416390, guid: c76d2d3504ddb4847940a815cad04644, type: 3}
      propertyPath: m_LocalPosition.y
      value: 0
      objectReference: {fileID: 0}
    - target: {fileID: 416390, guid: c76d2d3504ddb4847940a815cad04644, type: 3}
      propertyPath: m_LocalPosition.z
      value: 6
      objectReference: {fileID: 0}
    - target: {fileID: 416390, guid: c76d2d3504ddb4847940a815cad04644, type: 3}
      propertyPath: m_LocalRotation.w
      value: 1
      objectReference: {fileID: 0}
    - target: {fileID: 416390, guid: c76d2d3504ddb4847940a815cad04644, type: 3}
      propertyPath: m_LocalRotation.x
      value: -0
      objectReference: {fileID: 0}
    - target: {fileID: 416390, guid: c76d2d3504ddb4847940a815cad04644, type: 3}
      propertyPath: m_LocalRotation.y
      value: -0
      objectReference: {fileID: 0}
    - target: {fileID: 416390, guid: c76d2d3504ddb4847940a815cad04644, type: 3}
      propertyPath: m_LocalRotation.z
      value: -0
      objectReference: {fileID: 0}
    - target: {fileID: 416390, guid: c76d2d3504ddb4847940a815cad04644, type: 3}
      propertyPath: m_LocalEulerAnglesHint.x
      value: 0
      objectReference: {fileID: 0}
    - target: {fileID: 416390, guid: c76d2d3504ddb4847940a815cad04644, type: 3}
      propertyPath: m_LocalEulerAnglesHint.y
      value: 0
      objectReference: {fileID: 0}
    - target: {fileID: 416390, guid: c76d2d3504ddb4847940a815cad04644, type: 3}
      propertyPath: m_LocalEulerAnglesHint.z
      value: 0
      objectReference: {fileID: 0}
    m_RemovedComponents: []
  m_SourcePrefab: {fileID: 100100000, guid: c76d2d3504ddb4847940a815cad04644, type: 3}
--- !u!4 &625639437 stripped
Transform:
  m_CorrespondingSourceObject: {fileID: 416390, guid: c76d2d3504ddb4847940a815cad04644, type: 3}
  m_PrefabInstance: {fileID: 625639436}
  m_PrefabAsset: {fileID: 0}
--- !u!1001 &696049226
PrefabInstance:
  m_ObjectHideFlags: 0
  serializedVersion: 2
  m_Modification:
    m_TransformParent: {fileID: 729341694}
    m_Modifications:
    - target: {fileID: 119840, guid: c76d2d3504ddb4847940a815cad04644, type: 3}
      propertyPath: m_Name
      value: Floor_01 (4)
      objectReference: {fileID: 0}
    - target: {fileID: 416390, guid: c76d2d3504ddb4847940a815cad04644, type: 3}
      propertyPath: m_RootOrder
      value: 4
      objectReference: {fileID: 0}
    - target: {fileID: 416390, guid: c76d2d3504ddb4847940a815cad04644, type: 3}
      propertyPath: m_LocalPosition.x
      value: 0
      objectReference: {fileID: 0}
    - target: {fileID: 416390, guid: c76d2d3504ddb4847940a815cad04644, type: 3}
      propertyPath: m_LocalPosition.y
      value: 0
      objectReference: {fileID: 0}
    - target: {fileID: 416390, guid: c76d2d3504ddb4847940a815cad04644, type: 3}
      propertyPath: m_LocalPosition.z
      value: 3.03
      objectReference: {fileID: 0}
    - target: {fileID: 416390, guid: c76d2d3504ddb4847940a815cad04644, type: 3}
      propertyPath: m_LocalRotation.w
      value: 1
      objectReference: {fileID: 0}
    - target: {fileID: 416390, guid: c76d2d3504ddb4847940a815cad04644, type: 3}
      propertyPath: m_LocalRotation.x
      value: -0
      objectReference: {fileID: 0}
    - target: {fileID: 416390, guid: c76d2d3504ddb4847940a815cad04644, type: 3}
      propertyPath: m_LocalRotation.y
      value: -0
      objectReference: {fileID: 0}
    - target: {fileID: 416390, guid: c76d2d3504ddb4847940a815cad04644, type: 3}
      propertyPath: m_LocalRotation.z
      value: -0
      objectReference: {fileID: 0}
    - target: {fileID: 416390, guid: c76d2d3504ddb4847940a815cad04644, type: 3}
      propertyPath: m_LocalEulerAnglesHint.x
      value: 0
      objectReference: {fileID: 0}
    - target: {fileID: 416390, guid: c76d2d3504ddb4847940a815cad04644, type: 3}
      propertyPath: m_LocalEulerAnglesHint.y
      value: 0
      objectReference: {fileID: 0}
    - target: {fileID: 416390, guid: c76d2d3504ddb4847940a815cad04644, type: 3}
      propertyPath: m_LocalEulerAnglesHint.z
      value: 0
      objectReference: {fileID: 0}
    m_RemovedComponents: []
  m_SourcePrefab: {fileID: 100100000, guid: c76d2d3504ddb4847940a815cad04644, type: 3}
--- !u!4 &696049227 stripped
Transform:
  m_CorrespondingSourceObject: {fileID: 416390, guid: c76d2d3504ddb4847940a815cad04644, type: 3}
  m_PrefabInstance: {fileID: 696049226}
  m_PrefabAsset: {fileID: 0}
--- !u!1 &705507993
GameObject:
  m_ObjectHideFlags: 0
  m_CorrespondingSourceObject: {fileID: 0}
  m_PrefabInstance: {fileID: 0}
  m_PrefabAsset: {fileID: 0}
  serializedVersion: 6
  m_Component:
  - component: {fileID: 705507995}
  - component: {fileID: 705507994}
  m_Layer: 0
  m_Name: Directional Light
  m_TagString: Untagged
  m_Icon: {fileID: 0}
  m_NavMeshLayer: 0
  m_StaticEditorFlags: 0
  m_IsActive: 1
--- !u!108 &705507994
Light:
  m_ObjectHideFlags: 0
  m_CorrespondingSourceObject: {fileID: 0}
  m_PrefabInstance: {fileID: 0}
  m_PrefabAsset: {fileID: 0}
  m_GameObject: {fileID: 705507993}
  m_Enabled: 1
  serializedVersion: 10
  m_Type: 1
  m_Shape: 0
  m_Color: {r: 1, g: 0.95686275, b: 0.8392157, a: 1}
  m_Intensity: 1
  m_Range: 10
  m_SpotAngle: 30
  m_InnerSpotAngle: 21.80208
  m_CookieSize: 10
  m_Shadows:
    m_Type: 2
    m_Resolution: -1
    m_CustomResolution: -1
    m_Strength: 1
    m_Bias: 0.05
    m_NormalBias: 0.4
    m_NearPlane: 0.2
    m_CullingMatrixOverride:
      e00: 1
      e01: 0
      e02: 0
      e03: 0
      e10: 0
      e11: 1
      e12: 0
      e13: 0
      e20: 0
      e21: 0
      e22: 1
      e23: 0
      e30: 0
      e31: 0
      e32: 0
      e33: 1
    m_UseCullingMatrixOverride: 0
  m_Cookie: {fileID: 0}
  m_DrawHalo: 0
  m_Flare: {fileID: 0}
  m_RenderMode: 0
  m_CullingMask:
    serializedVersion: 2
    m_Bits: 4294967295
  m_RenderingLayerMask: 1
  m_Lightmapping: 1
  m_LightShadowCasterMode: 0
  m_AreaSize: {x: 1, y: 1}
  m_BounceIntensity: 1
  m_ColorTemperature: 6570
  m_UseColorTemperature: 0
  m_BoundingSphereOverride: {x: 0, y: 0, z: 0, w: 0}
  m_UseBoundingSphereOverride: 0
  m_UseViewFrustumForShadowCasterCull: 1
  m_ShadowRadius: 0
  m_ShadowAngle: 0
--- !u!4 &705507995
Transform:
  m_ObjectHideFlags: 0
  m_CorrespondingSourceObject: {fileID: 0}
  m_PrefabInstance: {fileID: 0}
  m_PrefabAsset: {fileID: 0}
  m_GameObject: {fileID: 705507993}
  m_LocalRotation: {x: 0.40821788, y: -0.23456968, z: 0.10938163, w: 0.8754261}
  m_LocalPosition: {x: 0, y: 3, z: 0}
  m_LocalScale: {x: 1, y: 1, z: 1}
  m_Children: []
  m_Father: {fileID: 0}
  m_RootOrder: 1
  m_LocalEulerAnglesHint: {x: 50, y: -30, z: 0}
--- !u!1 &729341693
GameObject:
  m_ObjectHideFlags: 0
  m_CorrespondingSourceObject: {fileID: 0}
  m_PrefabInstance: {fileID: 0}
  m_PrefabAsset: {fileID: 0}
  serializedVersion: 6
  m_Component:
  - component: {fileID: 729341694}
  m_Layer: 0
  m_Name: Room_1
  m_TagString: Untagged
  m_Icon: {fileID: 0}
  m_NavMeshLayer: 0
  m_StaticEditorFlags: 0
  m_IsActive: 1
--- !u!4 &729341694
Transform:
  m_ObjectHideFlags: 0
  m_CorrespondingSourceObject: {fileID: 0}
  m_PrefabInstance: {fileID: 0}
  m_PrefabAsset: {fileID: 0}
  m_GameObject: {fileID: 729341693}
  m_LocalRotation: {x: 0, y: 0, z: 0, w: 1}
  m_LocalPosition: {x: 0, y: 0, z: 0}
  m_LocalScale: {x: 1, y: 1, z: 1}
  m_Children:
  - {fileID: 1987885688}
  - {fileID: 826599024}
  - {fileID: 2010835072}
  - {fileID: 92272791}
  - {fileID: 696049227}
  - {fileID: 846728085}
  - {fileID: 833588919}
  - {fileID: 625639437}
  - {fileID: 2132097866}
  - {fileID: 1160944911}
  - {fileID: 158965508}
  - {fileID: 1292041365}
  - {fileID: 1536141510}
  - {fileID: 1951313606}
  - {fileID: 958683276}
  - {fileID: 1391989599}
  - {fileID: 867051041}
  - {fileID: 1711565294}
  m_Father: {fileID: 0}
  m_RootOrder: 2
  m_LocalEulerAnglesHint: {x: 0, y: 0, z: 0}
--- !u!1001 &826599023
PrefabInstance:
  m_ObjectHideFlags: 0
  serializedVersion: 2
  m_Modification:
    m_TransformParent: {fileID: 729341694}
    m_Modifications:
    - target: {fileID: 119840, guid: c76d2d3504ddb4847940a815cad04644, type: 3}
      propertyPath: m_Name
      value: Floor_01 (1)
      objectReference: {fileID: 0}
    - target: {fileID: 416390, guid: c76d2d3504ddb4847940a815cad04644, type: 3}
      propertyPath: m_RootOrder
      value: 1
      objectReference: {fileID: 0}
    - target: {fileID: 416390, guid: c76d2d3504ddb4847940a815cad04644, type: 3}
      propertyPath: m_LocalPosition.x
      value: 0
      objectReference: {fileID: 0}
    - target: {fileID: 416390, guid: c76d2d3504ddb4847940a815cad04644, type: 3}
      propertyPath: m_LocalPosition.y
      value: 0
      objectReference: {fileID: 0}
    - target: {fileID: 416390, guid: c76d2d3504ddb4847940a815cad04644, type: 3}
      propertyPath: m_LocalPosition.z
      value: 0
      objectReference: {fileID: 0}
    - target: {fileID: 416390, guid: c76d2d3504ddb4847940a815cad04644, type: 3}
      propertyPath: m_LocalRotation.w
      value: 1
      objectReference: {fileID: 0}
    - target: {fileID: 416390, guid: c76d2d3504ddb4847940a815cad04644, type: 3}
      propertyPath: m_LocalRotation.x
      value: -0
      objectReference: {fileID: 0}
    - target: {fileID: 416390, guid: c76d2d3504ddb4847940a815cad04644, type: 3}
      propertyPath: m_LocalRotation.y
      value: -0
      objectReference: {fileID: 0}
    - target: {fileID: 416390, guid: c76d2d3504ddb4847940a815cad04644, type: 3}
      propertyPath: m_LocalRotation.z
      value: -0
      objectReference: {fileID: 0}
    - target: {fileID: 416390, guid: c76d2d3504ddb4847940a815cad04644, type: 3}
      propertyPath: m_LocalEulerAnglesHint.x
      value: 0
      objectReference: {fileID: 0}
    - target: {fileID: 416390, guid: c76d2d3504ddb4847940a815cad04644, type: 3}
      propertyPath: m_LocalEulerAnglesHint.y
      value: 0
      objectReference: {fileID: 0}
    - target: {fileID: 416390, guid: c76d2d3504ddb4847940a815cad04644, type: 3}
      propertyPath: m_LocalEulerAnglesHint.z
      value: 0
      objectReference: {fileID: 0}
    m_RemovedComponents: []
  m_SourcePrefab: {fileID: 100100000, guid: c76d2d3504ddb4847940a815cad04644, type: 3}
--- !u!4 &826599024 stripped
Transform:
  m_CorrespondingSourceObject: {fileID: 416390, guid: c76d2d3504ddb4847940a815cad04644, type: 3}
  m_PrefabInstance: {fileID: 826599023}
  m_PrefabAsset: {fileID: 0}
--- !u!1001 &833588918
PrefabInstance:
  m_ObjectHideFlags: 0
  serializedVersion: 2
  m_Modification:
    m_TransformParent: {fileID: 729341694}
    m_Modifications:
    - target: {fileID: 119840, guid: c76d2d3504ddb4847940a815cad04644, type: 3}
      propertyPath: m_Name
      value: Floor_01 (6)
      objectReference: {fileID: 0}
    - target: {fileID: 416390, guid: c76d2d3504ddb4847940a815cad04644, type: 3}
      propertyPath: m_RootOrder
      value: 6
      objectReference: {fileID: 0}
    - target: {fileID: 416390, guid: c76d2d3504ddb4847940a815cad04644, type: 3}
      propertyPath: m_LocalPosition.x
      value: -3
      objectReference: {fileID: 0}
    - target: {fileID: 416390, guid: c76d2d3504ddb4847940a815cad04644, type: 3}
      propertyPath: m_LocalPosition.y
      value: 0
      objectReference: {fileID: 0}
    - target: {fileID: 416390, guid: c76d2d3504ddb4847940a815cad04644, type: 3}
      propertyPath: m_LocalPosition.z
      value: 6
      objectReference: {fileID: 0}
    - target: {fileID: 416390, guid: c76d2d3504ddb4847940a815cad04644, type: 3}
      propertyPath: m_LocalRotation.w
      value: 1
      objectReference: {fileID: 0}
    - target: {fileID: 416390, guid: c76d2d3504ddb4847940a815cad04644, type: 3}
      propertyPath: m_LocalRotation.x
      value: -0
      objectReference: {fileID: 0}
    - target: {fileID: 416390, guid: c76d2d3504ddb4847940a815cad04644, type: 3}
      propertyPath: m_LocalRotation.y
      value: -0
      objectReference: {fileID: 0}
    - target: {fileID: 416390, guid: c76d2d3504ddb4847940a815cad04644, type: 3}
      propertyPath: m_LocalRotation.z
      value: -0
      objectReference: {fileID: 0}
    - target: {fileID: 416390, guid: c76d2d3504ddb4847940a815cad04644, type: 3}
      propertyPath: m_LocalEulerAnglesHint.x
      value: 0
      objectReference: {fileID: 0}
    - target: {fileID: 416390, guid: c76d2d3504ddb4847940a815cad04644, type: 3}
      propertyPath: m_LocalEulerAnglesHint.y
      value: 0
      objectReference: {fileID: 0}
    - target: {fileID: 416390, guid: c76d2d3504ddb4847940a815cad04644, type: 3}
      propertyPath: m_LocalEulerAnglesHint.z
      value: 0
      objectReference: {fileID: 0}
    m_RemovedComponents: []
  m_SourcePrefab: {fileID: 100100000, guid: c76d2d3504ddb4847940a815cad04644, type: 3}
--- !u!4 &833588919 stripped
Transform:
  m_CorrespondingSourceObject: {fileID: 416390, guid: c76d2d3504ddb4847940a815cad04644, type: 3}
  m_PrefabInstance: {fileID: 833588918}
  m_PrefabAsset: {fileID: 0}
--- !u!1001 &846728084
PrefabInstance:
  m_ObjectHideFlags: 0
  serializedVersion: 2
  m_Modification:
    m_TransformParent: {fileID: 729341694}
    m_Modifications:
    - target: {fileID: 119840, guid: c76d2d3504ddb4847940a815cad04644, type: 3}
      propertyPath: m_Name
      value: Floor_01 (5)
      objectReference: {fileID: 0}
    - target: {fileID: 416390, guid: c76d2d3504ddb4847940a815cad04644, type: 3}
      propertyPath: m_RootOrder
      value: 5
      objectReference: {fileID: 0}
    - target: {fileID: 416390, guid: c76d2d3504ddb4847940a815cad04644, type: 3}
      propertyPath: m_LocalPosition.x
      value: 3
      objectReference: {fileID: 0}
    - target: {fileID: 416390, guid: c76d2d3504ddb4847940a815cad04644, type: 3}
      propertyPath: m_LocalPosition.y
      value: 0
      objectReference: {fileID: 0}
    - target: {fileID: 416390, guid: c76d2d3504ddb4847940a815cad04644, type: 3}
      propertyPath: m_LocalPosition.z
      value: 3
      objectReference: {fileID: 0}
    - target: {fileID: 416390, guid: c76d2d3504ddb4847940a815cad04644, type: 3}
      propertyPath: m_LocalRotation.w
      value: 1
      objectReference: {fileID: 0}
    - target: {fileID: 416390, guid: c76d2d3504ddb4847940a815cad04644, type: 3}
      propertyPath: m_LocalRotation.x
      value: -0
      objectReference: {fileID: 0}
    - target: {fileID: 416390, guid: c76d2d3504ddb4847940a815cad04644, type: 3}
      propertyPath: m_LocalRotation.y
      value: -0
      objectReference: {fileID: 0}
    - target: {fileID: 416390, guid: c76d2d3504ddb4847940a815cad04644, type: 3}
      propertyPath: m_LocalRotation.z
      value: -0
      objectReference: {fileID: 0}
    - target: {fileID: 416390, guid: c76d2d3504ddb4847940a815cad04644, type: 3}
      propertyPath: m_LocalEulerAnglesHint.x
      value: 0
      objectReference: {fileID: 0}
    - target: {fileID: 416390, guid: c76d2d3504ddb4847940a815cad04644, type: 3}
      propertyPath: m_LocalEulerAnglesHint.y
      value: 0
      objectReference: {fileID: 0}
    - target: {fileID: 416390, guid: c76d2d3504ddb4847940a815cad04644, type: 3}
      propertyPath: m_LocalEulerAnglesHint.z
      value: 0
      objectReference: {fileID: 0}
    m_RemovedComponents: []
  m_SourcePrefab: {fileID: 100100000, guid: c76d2d3504ddb4847940a815cad04644, type: 3}
--- !u!4 &846728085 stripped
Transform:
  m_CorrespondingSourceObject: {fileID: 416390, guid: c76d2d3504ddb4847940a815cad04644, type: 3}
  m_PrefabInstance: {fileID: 846728084}
  m_PrefabAsset: {fileID: 0}
--- !u!1001 &867051040
PrefabInstance:
  m_ObjectHideFlags: 0
  serializedVersion: 2
  m_Modification:
    m_TransformParent: {fileID: 729341694}
    m_Modifications:
    - target: {fileID: 103644, guid: a4c18952442944083b1fddc06ba477c2, type: 3}
      propertyPath: m_Name
      value: Wall_Simple_01 (7)
      objectReference: {fileID: 0}
    - target: {fileID: 409034, guid: a4c18952442944083b1fddc06ba477c2, type: 3}
      propertyPath: m_RootOrder
      value: 16
      objectReference: {fileID: 0}
    - target: {fileID: 409034, guid: a4c18952442944083b1fddc06ba477c2, type: 3}
      propertyPath: m_LocalPosition.x
      value: 0
      objectReference: {fileID: 0}
    - target: {fileID: 409034, guid: a4c18952442944083b1fddc06ba477c2, type: 3}
      propertyPath: m_LocalPosition.y
      value: 0
      objectReference: {fileID: 0}
    - target: {fileID: 409034, guid: a4c18952442944083b1fddc06ba477c2, type: 3}
      propertyPath: m_LocalPosition.z
      value: 9
      objectReference: {fileID: 0}
    - target: {fileID: 409034, guid: a4c18952442944083b1fddc06ba477c2, type: 3}
      propertyPath: m_LocalRotation.w
      value: 0.7071068
      objectReference: {fileID: 0}
    - target: {fileID: 409034, guid: a4c18952442944083b1fddc06ba477c2, type: 3}
      propertyPath: m_LocalRotation.x
      value: -0
      objectReference: {fileID: 0}
    - target: {fileID: 409034, guid: a4c18952442944083b1fddc06ba477c2, type: 3}
      propertyPath: m_LocalRotation.y
      value: 0.7071068
      objectReference: {fileID: 0}
    - target: {fileID: 409034, guid: a4c18952442944083b1fddc06ba477c2, type: 3}
      propertyPath: m_LocalRotation.z
      value: -0
      objectReference: {fileID: 0}
    - target: {fileID: 409034, guid: a4c18952442944083b1fddc06ba477c2, type: 3}
      propertyPath: m_LocalEulerAnglesHint.x
      value: 0
      objectReference: {fileID: 0}
    - target: {fileID: 409034, guid: a4c18952442944083b1fddc06ba477c2, type: 3}
      propertyPath: m_LocalEulerAnglesHint.y
      value: 90
      objectReference: {fileID: 0}
    - target: {fileID: 409034, guid: a4c18952442944083b1fddc06ba477c2, type: 3}
      propertyPath: m_LocalEulerAnglesHint.z
      value: 0
      objectReference: {fileID: 0}
    m_RemovedComponents: []
  m_SourcePrefab: {fileID: 100100000, guid: a4c18952442944083b1fddc06ba477c2, type: 3}
--- !u!4 &867051041 stripped
Transform:
  m_CorrespondingSourceObject: {fileID: 409034, guid: a4c18952442944083b1fddc06ba477c2, type: 3}
  m_PrefabInstance: {fileID: 867051040}
  m_PrefabAsset: {fileID: 0}
--- !u!1 &901368521
GameObject:
  m_ObjectHideFlags: 0
  m_CorrespondingSourceObject: {fileID: 0}
  m_PrefabInstance: {fileID: 0}
  m_PrefabAsset: {fileID: 0}
  serializedVersion: 6
  m_Component:
  - component: {fileID: 901368522}
  m_Layer: 0
  m_Name: Room_2
  m_TagString: Untagged
  m_Icon: {fileID: 0}
  m_NavMeshLayer: 0
  m_StaticEditorFlags: 0
  m_IsActive: 1
--- !u!4 &901368522
Transform:
  m_ObjectHideFlags: 0
  m_CorrespondingSourceObject: {fileID: 0}
  m_PrefabInstance: {fileID: 0}
  m_PrefabAsset: {fileID: 0}
  m_GameObject: {fileID: 901368521}
  m_LocalRotation: {x: 0, y: 0, z: 0, w: 1}
  m_LocalPosition: {x: 20, y: 0, z: 0}
  m_LocalScale: {x: 1, y: 1, z: 1}
  m_Children:
  - {fileID: 1626604910}
  - {fileID: 50382782}
  - {fileID: 1493285419}
  - {fileID: 1607868913}
  - {fileID: 1337569003}
  - {fileID: 1154083596}
  m_Father: {fileID: 0}
  m_RootOrder: 3
  m_LocalEulerAnglesHint: {x: 0, y: 0, z: 0}
--- !u!1001 &958683275
PrefabInstance:
  m_ObjectHideFlags: 0
  serializedVersion: 2
  m_Modification:
    m_TransformParent: {fileID: 729341694}
    m_Modifications:
    - target: {fileID: 103644, guid: a4c18952442944083b1fddc06ba477c2, type: 3}
      propertyPath: m_Name
      value: Wall_Simple_01 (5)
      objectReference: {fileID: 0}
    - target: {fileID: 409034, guid: a4c18952442944083b1fddc06ba477c2, type: 3}
      propertyPath: m_RootOrder
      value: 14
      objectReference: {fileID: 0}
    - target: {fileID: 409034, guid: a4c18952442944083b1fddc06ba477c2, type: 3}
      propertyPath: m_LocalPosition.x
      value: -6
      objectReference: {fileID: 0}
    - target: {fileID: 409034, guid: a4c18952442944083b1fddc06ba477c2, type: 3}
      propertyPath: m_LocalPosition.y
      value: 0
      objectReference: {fileID: 0}
    - target: {fileID: 409034, guid: a4c18952442944083b1fddc06ba477c2, type: 3}
      propertyPath: m_LocalPosition.z
      value: 6
      objectReference: {fileID: 0}
    - target: {fileID: 409034, guid: a4c18952442944083b1fddc06ba477c2, type: 3}
      propertyPath: m_LocalRotation.w
      value: 1
      objectReference: {fileID: 0}
    - target: {fileID: 409034, guid: a4c18952442944083b1fddc06ba477c2, type: 3}
      propertyPath: m_LocalRotation.x
      value: -0
      objectReference: {fileID: 0}
    - target: {fileID: 409034, guid: a4c18952442944083b1fddc06ba477c2, type: 3}
      propertyPath: m_LocalRotation.y
      value: -0
      objectReference: {fileID: 0}
    - target: {fileID: 409034, guid: a4c18952442944083b1fddc06ba477c2, type: 3}
      propertyPath: m_LocalRotation.z
      value: -0
      objectReference: {fileID: 0}
    - target: {fileID: 409034, guid: a4c18952442944083b1fddc06ba477c2, type: 3}
      propertyPath: m_LocalEulerAnglesHint.x
      value: 0
      objectReference: {fileID: 0}
    - target: {fileID: 409034, guid: a4c18952442944083b1fddc06ba477c2, type: 3}
      propertyPath: m_LocalEulerAnglesHint.y
      value: 0
      objectReference: {fileID: 0}
    - target: {fileID: 409034, guid: a4c18952442944083b1fddc06ba477c2, type: 3}
      propertyPath: m_LocalEulerAnglesHint.z
      value: 0
      objectReference: {fileID: 0}
    m_RemovedComponents: []
  m_SourcePrefab: {fileID: 100100000, guid: a4c18952442944083b1fddc06ba477c2, type: 3}
--- !u!4 &958683276 stripped
Transform:
  m_CorrespondingSourceObject: {fileID: 409034, guid: a4c18952442944083b1fddc06ba477c2, type: 3}
  m_PrefabInstance: {fileID: 958683275}
  m_PrefabAsset: {fileID: 0}
--- !u!1 &963194225
GameObject:
  m_ObjectHideFlags: 0
  m_CorrespondingSourceObject: {fileID: 0}
  m_PrefabInstance: {fileID: 0}
  m_PrefabAsset: {fileID: 0}
  serializedVersion: 6
  m_Component:
  - component: {fileID: 963194228}
  - component: {fileID: 963194227}
  - component: {fileID: 963194226}
  m_Layer: 0
  m_Name: Main Camera
  m_TagString: MainCamera
  m_Icon: {fileID: 0}
  m_NavMeshLayer: 0
  m_StaticEditorFlags: 0
  m_IsActive: 1
--- !u!81 &963194226
AudioListener:
  m_ObjectHideFlags: 0
  m_CorrespondingSourceObject: {fileID: 0}
  m_PrefabInstance: {fileID: 0}
  m_PrefabAsset: {fileID: 0}
  m_GameObject: {fileID: 963194225}
  m_Enabled: 1
--- !u!20 &963194227
Camera:
  m_ObjectHideFlags: 0
  m_CorrespondingSourceObject: {fileID: 0}
  m_PrefabInstance: {fileID: 0}
  m_PrefabAsset: {fileID: 0}
  m_GameObject: {fileID: 963194225}
  m_Enabled: 1
  serializedVersion: 2
  m_ClearFlags: 1
  m_BackGroundColor: {r: 0.19215687, g: 0.3019608, b: 0.4745098, a: 0}
  m_projectionMatrixMode: 1
  m_GateFitMode: 2
  m_FOVAxisMode: 0
  m_SensorSize: {x: 36, y: 24}
  m_LensShift: {x: 0, y: 0}
  m_FocalLength: 50
  m_NormalizedViewPortRect:
    serializedVersion: 2
    x: 0
    y: 0
    width: 1
    height: 1
  near clip plane: 0.3
  far clip plane: 1000
  field of view: 60
  orthographic: 0
  orthographic size: 5
  m_Depth: -1
  m_CullingMask:
    serializedVersion: 2
    m_Bits: 4294967295
  m_RenderingPath: -1
  m_TargetTexture: {fileID: 0}
  m_TargetDisplay: 0
  m_TargetEye: 3
  m_HDR: 1
  m_AllowMSAA: 1
  m_AllowDynamicResolution: 0
  m_ForceIntoRT: 0
  m_OcclusionCulling: 1
  m_StereoConvergence: 10
  m_StereoSeparation: 0.022
--- !u!4 &963194228
Transform:
  m_ObjectHideFlags: 0
  m_CorrespondingSourceObject: {fileID: 0}
  m_PrefabInstance: {fileID: 0}
  m_PrefabAsset: {fileID: 0}
  m_GameObject: {fileID: 963194225}
  m_LocalRotation: {x: 0.1438381, y: 0, z: 0, w: 0.9896013}
  m_LocalPosition: {x: -1.15, y: 3.89, z: -4.83}
  m_LocalScale: {x: 1, y: 1, z: 1}
  m_Children: []
  m_Father: {fileID: 0}
  m_RootOrder: 0
  m_LocalEulerAnglesHint: {x: 16.54, y: 0, z: 0}
--- !u!1001 &1154083595
PrefabInstance:
  m_ObjectHideFlags: 0
  serializedVersion: 2
  m_Modification:
    m_TransformParent: {fileID: 901368522}
    m_Modifications:
    - target: {fileID: 144960, guid: 39b43e271567b4134a12f482c52c8a0f, type: 3}
      propertyPath: m_Name
      value: Room_Big_Part_03 (1)
      objectReference: {fileID: 0}
    - target: {fileID: 484706, guid: 39b43e271567b4134a12f482c52c8a0f, type: 3}
      propertyPath: m_RootOrder
      value: 5
      objectReference: {fileID: 0}
    - target: {fileID: 484706, guid: 39b43e271567b4134a12f482c52c8a0f, type: 3}
      propertyPath: m_LocalPosition.x
      value: -2
      objectReference: {fileID: 0}
    - target: {fileID: 484706, guid: 39b43e271567b4134a12f482c52c8a0f, type: 3}
      propertyPath: m_LocalPosition.y
      value: 0
      objectReference: {fileID: 0}
    - target: {fileID: 484706, guid: 39b43e271567b4134a12f482c52c8a0f, type: 3}
      propertyPath: m_LocalPosition.z
      value: 9
      objectReference: {fileID: 0}
    - target: {fileID: 484706, guid: 39b43e271567b4134a12f482c52c8a0f, type: 3}
      propertyPath: m_LocalRotation.w
      value: 0
      objectReference: {fileID: 0}
    - target: {fileID: 484706, guid: 39b43e271567b4134a12f482c52c8a0f, type: 3}
      propertyPath: m_LocalRotation.x
      value: 0
      objectReference: {fileID: 0}
    - target: {fileID: 484706, guid: 39b43e271567b4134a12f482c52c8a0f, type: 3}
      propertyPath: m_LocalRotation.y
      value: 1
      objectReference: {fileID: 0}
    - target: {fileID: 484706, guid: 39b43e271567b4134a12f482c52c8a0f, type: 3}
      propertyPath: m_LocalRotation.z
      value: 0
      objectReference: {fileID: 0}
    - target: {fileID: 484706, guid: 39b43e271567b4134a12f482c52c8a0f, type: 3}
      propertyPath: m_LocalEulerAnglesHint.x
      value: 0
      objectReference: {fileID: 0}
    - target: {fileID: 484706, guid: 39b43e271567b4134a12f482c52c8a0f, type: 3}
      propertyPath: m_LocalEulerAnglesHint.y
      value: 180
      objectReference: {fileID: 0}
    - target: {fileID: 484706, guid: 39b43e271567b4134a12f482c52c8a0f, type: 3}
      propertyPath: m_LocalEulerAnglesHint.z
      value: 0
      objectReference: {fileID: 0}
    m_RemovedComponents: []
  m_SourcePrefab: {fileID: 100100000, guid: 39b43e271567b4134a12f482c52c8a0f, type: 3}
--- !u!4 &1154083596 stripped
Transform:
  m_CorrespondingSourceObject: {fileID: 484706, guid: 39b43e271567b4134a12f482c52c8a0f, type: 3}
  m_PrefabInstance: {fileID: 1154083595}
  m_PrefabAsset: {fileID: 0}
--- !u!1001 &1160944910
PrefabInstance:
  m_ObjectHideFlags: 0
  serializedVersion: 2
  m_Modification:
    m_TransformParent: {fileID: 729341694}
    m_Modifications:
    - target: {fileID: 103644, guid: a4c18952442944083b1fddc06ba477c2, type: 3}
      propertyPath: m_Name
      value: Wall_Simple_01
      objectReference: {fileID: 0}
    - target: {fileID: 409034, guid: a4c18952442944083b1fddc06ba477c2, type: 3}
      propertyPath: m_RootOrder
      value: 9
      objectReference: {fileID: 0}
    - target: {fileID: 409034, guid: a4c18952442944083b1fddc06ba477c2, type: 3}
      propertyPath: m_LocalPosition.x
      value: 3
      objectReference: {fileID: 0}
    - target: {fileID: 409034, guid: a4c18952442944083b1fddc06ba477c2, type: 3}
      propertyPath: m_LocalPosition.y
      value: 0
      objectReference: {fileID: 0}
    - target: {fileID: 409034, guid: a4c18952442944083b1fddc06ba477c2, type: 3}
      propertyPath: m_LocalPosition.z
      value: 3
      objectReference: {fileID: 0}
    - target: {fileID: 409034, guid: a4c18952442944083b1fddc06ba477c2, type: 3}
      propertyPath: m_LocalRotation.w
      value: -0.00000016292068
      objectReference: {fileID: 0}
    - target: {fileID: 409034, guid: a4c18952442944083b1fddc06ba477c2, type: 3}
      propertyPath: m_LocalRotation.x
      value: -0
      objectReference: {fileID: 0}
    - target: {fileID: 409034, guid: a4c18952442944083b1fddc06ba477c2, type: 3}
      propertyPath: m_LocalRotation.y
      value: 1
      objectReference: {fileID: 0}
    - target: {fileID: 409034, guid: a4c18952442944083b1fddc06ba477c2, type: 3}
      propertyPath: m_LocalRotation.z
      value: -0
      objectReference: {fileID: 0}
    - target: {fileID: 409034, guid: a4c18952442944083b1fddc06ba477c2, type: 3}
      propertyPath: m_LocalEulerAnglesHint.x
      value: 0
      objectReference: {fileID: 0}
    - target: {fileID: 409034, guid: a4c18952442944083b1fddc06ba477c2, type: 3}
      propertyPath: m_LocalEulerAnglesHint.y
      value: 0
      objectReference: {fileID: 0}
    - target: {fileID: 409034, guid: a4c18952442944083b1fddc06ba477c2, type: 3}
      propertyPath: m_LocalEulerAnglesHint.z
      value: 0
      objectReference: {fileID: 0}
    m_RemovedComponents: []
  m_SourcePrefab: {fileID: 100100000, guid: a4c18952442944083b1fddc06ba477c2, type: 3}
--- !u!4 &1160944911 stripped
Transform:
  m_CorrespondingSourceObject: {fileID: 409034, guid: a4c18952442944083b1fddc06ba477c2, type: 3}
  m_PrefabInstance: {fileID: 1160944910}
  m_PrefabAsset: {fileID: 0}
--- !u!1001 &1292041364
PrefabInstance:
  m_ObjectHideFlags: 0
  serializedVersion: 2
  m_Modification:
    m_TransformParent: {fileID: 729341694}
    m_Modifications:
    - target: {fileID: 103644, guid: a4c18952442944083b1fddc06ba477c2, type: 3}
      propertyPath: m_Name
      value: Wall_Simple_01 (2)
      objectReference: {fileID: 0}
    - target: {fileID: 409034, guid: a4c18952442944083b1fddc06ba477c2, type: 3}
      propertyPath: m_RootOrder
      value: 11
      objectReference: {fileID: 0}
    - target: {fileID: 409034, guid: a4c18952442944083b1fddc06ba477c2, type: 3}
      propertyPath: m_LocalPosition.x
      value: 3
      objectReference: {fileID: 0}
    - target: {fileID: 409034, guid: a4c18952442944083b1fddc06ba477c2, type: 3}
      propertyPath: m_LocalPosition.y
      value: 0
      objectReference: {fileID: 0}
    - target: {fileID: 409034, guid: a4c18952442944083b1fddc06ba477c2, type: 3}
      propertyPath: m_LocalPosition.z
      value: 9
      objectReference: {fileID: 0}
    - target: {fileID: 409034, guid: a4c18952442944083b1fddc06ba477c2, type: 3}
      propertyPath: m_LocalRotation.w
      value: -0.00000016292068
      objectReference: {fileID: 0}
    - target: {fileID: 409034, guid: a4c18952442944083b1fddc06ba477c2, type: 3}
      propertyPath: m_LocalRotation.x
      value: -0
      objectReference: {fileID: 0}
    - target: {fileID: 409034, guid: a4c18952442944083b1fddc06ba477c2, type: 3}
      propertyPath: m_LocalRotation.y
      value: 1
      objectReference: {fileID: 0}
    - target: {fileID: 409034, guid: a4c18952442944083b1fddc06ba477c2, type: 3}
      propertyPath: m_LocalRotation.z
      value: -0
      objectReference: {fileID: 0}
    - target: {fileID: 409034, guid: a4c18952442944083b1fddc06ba477c2, type: 3}
      propertyPath: m_LocalEulerAnglesHint.x
      value: 0
      objectReference: {fileID: 0}
    - target: {fileID: 409034, guid: a4c18952442944083b1fddc06ba477c2, type: 3}
      propertyPath: m_LocalEulerAnglesHint.y
      value: 0
      objectReference: {fileID: 0}
    - target: {fileID: 409034, guid: a4c18952442944083b1fddc06ba477c2, type: 3}
      propertyPath: m_LocalEulerAnglesHint.z
      value: 0
      objectReference: {fileID: 0}
    m_RemovedComponents: []
  m_SourcePrefab: {fileID: 100100000, guid: a4c18952442944083b1fddc06ba477c2, type: 3}
--- !u!4 &1292041365 stripped
Transform:
  m_CorrespondingSourceObject: {fileID: 409034, guid: a4c18952442944083b1fddc06ba477c2, type: 3}
  m_PrefabInstance: {fileID: 1292041364}
  m_PrefabAsset: {fileID: 0}
--- !u!1001 &1337569002
PrefabInstance:
  m_ObjectHideFlags: 0
  serializedVersion: 2
  m_Modification:
    m_TransformParent: {fileID: 901368522}
    m_Modifications:
    - target: {fileID: 183170, guid: 56f887c8f9289447895ae8a07be226ec, type: 3}
      propertyPath: m_Name
      value: Room_Big_Part_02 (1)
      objectReference: {fileID: 0}
    - target: {fileID: 480456, guid: 56f887c8f9289447895ae8a07be226ec, type: 3}
      propertyPath: m_RootOrder
      value: 4
      objectReference: {fileID: 0}
    - target: {fileID: 480456, guid: 56f887c8f9289447895ae8a07be226ec, type: 3}
      propertyPath: m_LocalPosition.x
      value: -5
      objectReference: {fileID: 0}
    - target: {fileID: 480456, guid: 56f887c8f9289447895ae8a07be226ec, type: 3}
      propertyPath: m_LocalPosition.y
      value: 0
      objectReference: {fileID: 0}
    - target: {fileID: 480456, guid: 56f887c8f9289447895ae8a07be226ec, type: 3}
      propertyPath: m_LocalPosition.z
      value: 9
      objectReference: {fileID: 0}
    - target: {fileID: 480456, guid: 56f887c8f9289447895ae8a07be226ec, type: 3}
      propertyPath: m_LocalRotation.w
      value: 0
      objectReference: {fileID: 0}
    - target: {fileID: 480456, guid: 56f887c8f9289447895ae8a07be226ec, type: 3}
      propertyPath: m_LocalRotation.x
      value: 0
      objectReference: {fileID: 0}
    - target: {fileID: 480456, guid: 56f887c8f9289447895ae8a07be226ec, type: 3}
      propertyPath: m_LocalRotation.y
      value: 1
      objectReference: {fileID: 0}
    - target: {fileID: 480456, guid: 56f887c8f9289447895ae8a07be226ec, type: 3}
      propertyPath: m_LocalRotation.z
      value: 0
      objectReference: {fileID: 0}
    - target: {fileID: 480456, guid: 56f887c8f9289447895ae8a07be226ec, type: 3}
      propertyPath: m_LocalEulerAnglesHint.x
      value: 0
      objectReference: {fileID: 0}
    - target: {fileID: 480456, guid: 56f887c8f9289447895ae8a07be226ec, type: 3}
      propertyPath: m_LocalEulerAnglesHint.y
      value: 180
      objectReference: {fileID: 0}
    - target: {fileID: 480456, guid: 56f887c8f9289447895ae8a07be226ec, type: 3}
      propertyPath: m_LocalEulerAnglesHint.z
      value: 0
      objectReference: {fileID: 0}
    m_RemovedComponents: []
  m_SourcePrefab: {fileID: 100100000, guid: 56f887c8f9289447895ae8a07be226ec, type: 3}
--- !u!4 &1337569003 stripped
Transform:
  m_CorrespondingSourceObject: {fileID: 480456, guid: 56f887c8f9289447895ae8a07be226ec, type: 3}
  m_PrefabInstance: {fileID: 1337569002}
  m_PrefabAsset: {fileID: 0}
--- !u!1001 &1391989598
PrefabInstance:
  m_ObjectHideFlags: 0
  serializedVersion: 2
  m_Modification:
    m_TransformParent: {fileID: 729341694}
    m_Modifications:
    - target: {fileID: 103644, guid: a4c18952442944083b1fddc06ba477c2, type: 3}
      propertyPath: m_Name
      value: Wall_Simple_01 (6)
      objectReference: {fileID: 0}
    - target: {fileID: 409034, guid: a4c18952442944083b1fddc06ba477c2, type: 3}
      propertyPath: m_RootOrder
      value: 15
      objectReference: {fileID: 0}
    - target: {fileID: 409034, guid: a4c18952442944083b1fddc06ba477c2, type: 3}
      propertyPath: m_LocalPosition.x
      value: -6
      objectReference: {fileID: 0}
    - target: {fileID: 409034, guid: a4c18952442944083b1fddc06ba477c2, type: 3}
      propertyPath: m_LocalPosition.y
      value: 0
      objectReference: {fileID: 0}
    - target: {fileID: 409034, guid: a4c18952442944083b1fddc06ba477c2, type: 3}
      propertyPath: m_LocalPosition.z
      value: 9
      objectReference: {fileID: 0}
    - target: {fileID: 409034, guid: a4c18952442944083b1fddc06ba477c2, type: 3}
      propertyPath: m_LocalRotation.w
      value: 0.7071068
      objectReference: {fileID: 0}
    - target: {fileID: 409034, guid: a4c18952442944083b1fddc06ba477c2, type: 3}
      propertyPath: m_LocalRotation.x
      value: -0
      objectReference: {fileID: 0}
    - target: {fileID: 409034, guid: a4c18952442944083b1fddc06ba477c2, type: 3}
      propertyPath: m_LocalRotation.y
      value: 0.7071068
      objectReference: {fileID: 0}
    - target: {fileID: 409034, guid: a4c18952442944083b1fddc06ba477c2, type: 3}
      propertyPath: m_LocalRotation.z
      value: -0
      objectReference: {fileID: 0}
    - target: {fileID: 409034, guid: a4c18952442944083b1fddc06ba477c2, type: 3}
      propertyPath: m_LocalEulerAnglesHint.x
      value: 0
      objectReference: {fileID: 0}
    - target: {fileID: 409034, guid: a4c18952442944083b1fddc06ba477c2, type: 3}
      propertyPath: m_LocalEulerAnglesHint.y
      value: 90
      objectReference: {fileID: 0}
    - target: {fileID: 409034, guid: a4c18952442944083b1fddc06ba477c2, type: 3}
      propertyPath: m_LocalEulerAnglesHint.z
      value: 0
      objectReference: {fileID: 0}
    m_RemovedComponents: []
  m_SourcePrefab: {fileID: 100100000, guid: a4c18952442944083b1fddc06ba477c2, type: 3}
--- !u!4 &1391989599 stripped
Transform:
  m_CorrespondingSourceObject: {fileID: 409034, guid: a4c18952442944083b1fddc06ba477c2, type: 3}
  m_PrefabInstance: {fileID: 1391989598}
  m_PrefabAsset: {fileID: 0}
--- !u!1001 &1493285418
PrefabInstance:
  m_ObjectHideFlags: 0
  serializedVersion: 2
  m_Modification:
    m_TransformParent: {fileID: 901368522}
    m_Modifications:
    - target: {fileID: 144960, guid: 39b43e271567b4134a12f482c52c8a0f, type: 3}
      propertyPath: m_Name
      value: Room_Big_Part_03
      objectReference: {fileID: 0}
    - target: {fileID: 484706, guid: 39b43e271567b4134a12f482c52c8a0f, type: 3}
      propertyPath: m_RootOrder
      value: 2
      objectReference: {fileID: 0}
    - target: {fileID: 484706, guid: 39b43e271567b4134a12f482c52c8a0f, type: 3}
      propertyPath: m_LocalPosition.x
      value: 4
      objectReference: {fileID: 0}
    - target: {fileID: 484706, guid: 39b43e271567b4134a12f482c52c8a0f, type: 3}
      propertyPath: m_LocalPosition.y
      value: 0
      objectReference: {fileID: 0}
    - target: {fileID: 484706, guid: 39b43e271567b4134a12f482c52c8a0f, type: 3}
      propertyPath: m_LocalPosition.z
      value: 9
      objectReference: {fileID: 0}
    - target: {fileID: 484706, guid: 39b43e271567b4134a12f482c52c8a0f, type: 3}
      propertyPath: m_LocalRotation.w
      value: 1
      objectReference: {fileID: 0}
    - target: {fileID: 484706, guid: 39b43e271567b4134a12f482c52c8a0f, type: 3}
      propertyPath: m_LocalRotation.x
      value: -0
      objectReference: {fileID: 0}
    - target: {fileID: 484706, guid: 39b43e271567b4134a12f482c52c8a0f, type: 3}
      propertyPath: m_LocalRotation.y
      value: -0
      objectReference: {fileID: 0}
    - target: {fileID: 484706, guid: 39b43e271567b4134a12f482c52c8a0f, type: 3}
      propertyPath: m_LocalRotation.z
      value: -0
      objectReference: {fileID: 0}
    - target: {fileID: 484706, guid: 39b43e271567b4134a12f482c52c8a0f, type: 3}
      propertyPath: m_LocalEulerAnglesHint.x
      value: 0
      objectReference: {fileID: 0}
    - target: {fileID: 484706, guid: 39b43e271567b4134a12f482c52c8a0f, type: 3}
      propertyPath: m_LocalEulerAnglesHint.y
      value: 0
      objectReference: {fileID: 0}
    - target: {fileID: 484706, guid: 39b43e271567b4134a12f482c52c8a0f, type: 3}
      propertyPath: m_LocalEulerAnglesHint.z
      value: 0
      objectReference: {fileID: 0}
    m_RemovedComponents: []
  m_SourcePrefab: {fileID: 100100000, guid: 39b43e271567b4134a12f482c52c8a0f, type: 3}
--- !u!4 &1493285419 stripped
Transform:
  m_CorrespondingSourceObject: {fileID: 484706, guid: 39b43e271567b4134a12f482c52c8a0f, type: 3}
  m_PrefabInstance: {fileID: 1493285418}
  m_PrefabAsset: {fileID: 0}
--- !u!1001 &1536141509
PrefabInstance:
  m_ObjectHideFlags: 0
  serializedVersion: 2
  m_Modification:
    m_TransformParent: {fileID: 729341694}
    m_Modifications:
    - target: {fileID: 103644, guid: a4c18952442944083b1fddc06ba477c2, type: 3}
      propertyPath: m_Name
      value: Wall_Simple_01 (3)
      objectReference: {fileID: 0}
    - target: {fileID: 409034, guid: a4c18952442944083b1fddc06ba477c2, type: 3}
      propertyPath: m_RootOrder
      value: 12
      objectReference: {fileID: 0}
    - target: {fileID: 409034, guid: a4c18952442944083b1fddc06ba477c2, type: 3}
      propertyPath: m_LocalPosition.x
      value: -6
      objectReference: {fileID: 0}
    - target: {fileID: 409034, guid: a4c18952442944083b1fddc06ba477c2, type: 3}
      propertyPath: m_LocalPosition.y
      value: 0
      objectReference: {fileID: 0}
    - target: {fileID: 409034, guid: a4c18952442944083b1fddc06ba477c2, type: 3}
      propertyPath: m_LocalPosition.z
      value: 0
      objectReference: {fileID: 0}
    - target: {fileID: 409034, guid: a4c18952442944083b1fddc06ba477c2, type: 3}
      propertyPath: m_LocalRotation.w
      value: 1
      objectReference: {fileID: 0}
    - target: {fileID: 409034, guid: a4c18952442944083b1fddc06ba477c2, type: 3}
      propertyPath: m_LocalRotation.x
      value: -0
      objectReference: {fileID: 0}
    - target: {fileID: 409034, guid: a4c18952442944083b1fddc06ba477c2, type: 3}
      propertyPath: m_LocalRotation.y
      value: -0
      objectReference: {fileID: 0}
    - target: {fileID: 409034, guid: a4c18952442944083b1fddc06ba477c2, type: 3}
      propertyPath: m_LocalRotation.z
      value: -0
      objectReference: {fileID: 0}
    - target: {fileID: 409034, guid: a4c18952442944083b1fddc06ba477c2, type: 3}
      propertyPath: m_LocalEulerAnglesHint.x
      value: 0
      objectReference: {fileID: 0}
    - target: {fileID: 409034, guid: a4c18952442944083b1fddc06ba477c2, type: 3}
      propertyPath: m_LocalEulerAnglesHint.y
      value: 0
      objectReference: {fileID: 0}
    - target: {fileID: 409034, guid: a4c18952442944083b1fddc06ba477c2, type: 3}
      propertyPath: m_LocalEulerAnglesHint.z
      value: 0
      objectReference: {fileID: 0}
    m_RemovedComponents: []
  m_SourcePrefab: {fileID: 100100000, guid: a4c18952442944083b1fddc06ba477c2, type: 3}
--- !u!4 &1536141510 stripped
Transform:
  m_CorrespondingSourceObject: {fileID: 409034, guid: a4c18952442944083b1fddc06ba477c2, type: 3}
  m_PrefabInstance: {fileID: 1536141509}
  m_PrefabAsset: {fileID: 0}
--- !u!1001 &1607868912
PrefabInstance:
  m_ObjectHideFlags: 0
  serializedVersion: 2
  m_Modification:
    m_TransformParent: {fileID: 901368522}
    m_Modifications:
    - target: {fileID: 163904, guid: 8db5b99e1590340a4a7166fa4c9f9cf2, type: 3}
      propertyPath: m_Name
      value: Room_Big_Part_01 (1)
      objectReference: {fileID: 0}
    - target: {fileID: 468868, guid: 8db5b99e1590340a4a7166fa4c9f9cf2, type: 3}
      propertyPath: m_RootOrder
      value: 3
      objectReference: {fileID: 0}
    - target: {fileID: 468868, guid: 8db5b99e1590340a4a7166fa4c9f9cf2, type: 3}
      propertyPath: m_LocalPosition.x
      value: -8
      objectReference: {fileID: 0}
    - target: {fileID: 468868, guid: 8db5b99e1590340a4a7166fa4c9f9cf2, type: 3}
      propertyPath: m_LocalPosition.y
      value: 0
      objectReference: {fileID: 0}
    - target: {fileID: 468868, guid: 8db5b99e1590340a4a7166fa4c9f9cf2, type: 3}
      propertyPath: m_LocalPosition.z
      value: 9
      objectReference: {fileID: 0}
    - target: {fileID: 468868, guid: 8db5b99e1590340a4a7166fa4c9f9cf2, type: 3}
      propertyPath: m_LocalRotation.w
      value: 0
      objectReference: {fileID: 0}
    - target: {fileID: 468868, guid: 8db5b99e1590340a4a7166fa4c9f9cf2, type: 3}
      propertyPath: m_LocalRotation.x
      value: 0
      objectReference: {fileID: 0}
    - target: {fileID: 468868, guid: 8db5b99e1590340a4a7166fa4c9f9cf2, type: 3}
      propertyPath: m_LocalRotation.y
      value: 1
      objectReference: {fileID: 0}
    - target: {fileID: 468868, guid: 8db5b99e1590340a4a7166fa4c9f9cf2, type: 3}
      propertyPath: m_LocalRotation.z
      value: 0
      objectReference: {fileID: 0}
    - target: {fileID: 468868, guid: 8db5b99e1590340a4a7166fa4c9f9cf2, type: 3}
      propertyPath: m_LocalEulerAnglesHint.x
      value: 0
      objectReference: {fileID: 0}
    - target: {fileID: 468868, guid: 8db5b99e1590340a4a7166fa4c9f9cf2, type: 3}
      propertyPath: m_LocalEulerAnglesHint.y
      value: 180
      objectReference: {fileID: 0}
    - target: {fileID: 468868, guid: 8db5b99e1590340a4a7166fa4c9f9cf2, type: 3}
      propertyPath: m_LocalEulerAnglesHint.z
      value: 0
      objectReference: {fileID: 0}
    m_RemovedComponents: []
  m_SourcePrefab: {fileID: 100100000, guid: 8db5b99e1590340a4a7166fa4c9f9cf2, type: 3}
--- !u!4 &1607868913 stripped
Transform:
  m_CorrespondingSourceObject: {fileID: 468868, guid: 8db5b99e1590340a4a7166fa4c9f9cf2, type: 3}
  m_PrefabInstance: {fileID: 1607868912}
  m_PrefabAsset: {fileID: 0}
--- !u!1001 &1626604909
PrefabInstance:
  m_ObjectHideFlags: 0
  serializedVersion: 2
  m_Modification:
    m_TransformParent: {fileID: 901368522}
    m_Modifications:
    - target: {fileID: 163904, guid: 8db5b99e1590340a4a7166fa4c9f9cf2, type: 3}
      propertyPath: m_Name
      value: Room_Big_Part_01
      objectReference: {fileID: 0}
    - target: {fileID: 468868, guid: 8db5b99e1590340a4a7166fa4c9f9cf2, type: 3}
      propertyPath: m_RootOrder
      value: 0
      objectReference: {fileID: 0}
    - target: {fileID: 468868, guid: 8db5b99e1590340a4a7166fa4c9f9cf2, type: 3}
      propertyPath: m_LocalPosition.x
      value: 10
      objectReference: {fileID: 0}
    - target: {fileID: 468868, guid: 8db5b99e1590340a4a7166fa4c9f9cf2, type: 3}
      propertyPath: m_LocalPosition.y
      value: 0
      objectReference: {fileID: 0}
    - target: {fileID: 468868, guid: 8db5b99e1590340a4a7166fa4c9f9cf2, type: 3}
      propertyPath: m_LocalPosition.z
      value: 9
      objectReference: {fileID: 0}
    - target: {fileID: 468868, guid: 8db5b99e1590340a4a7166fa4c9f9cf2, type: 3}
      propertyPath: m_LocalRotation.w
      value: 1
      objectReference: {fileID: 0}
    - target: {fileID: 468868, guid: 8db5b99e1590340a4a7166fa4c9f9cf2, type: 3}
      propertyPath: m_LocalRotation.x
      value: -0
      objectReference: {fileID: 0}
    - target: {fileID: 468868, guid: 8db5b99e1590340a4a7166fa4c9f9cf2, type: 3}
      propertyPath: m_LocalRotation.y
      value: -0
      objectReference: {fileID: 0}
    - target: {fileID: 468868, guid: 8db5b99e1590340a4a7166fa4c9f9cf2, type: 3}
      propertyPath: m_LocalRotation.z
      value: -0
      objectReference: {fileID: 0}
    - target: {fileID: 468868, guid: 8db5b99e1590340a4a7166fa4c9f9cf2, type: 3}
      propertyPath: m_LocalEulerAnglesHint.x
      value: 0
      objectReference: {fileID: 0}
    - target: {fileID: 468868, guid: 8db5b99e1590340a4a7166fa4c9f9cf2, type: 3}
      propertyPath: m_LocalEulerAnglesHint.y
      value: 0
      objectReference: {fileID: 0}
    - target: {fileID: 468868, guid: 8db5b99e1590340a4a7166fa4c9f9cf2, type: 3}
      propertyPath: m_LocalEulerAnglesHint.z
      value: 0
      objectReference: {fileID: 0}
    m_RemovedComponents: []
  m_SourcePrefab: {fileID: 100100000, guid: 8db5b99e1590340a4a7166fa4c9f9cf2, type: 3}
--- !u!4 &1626604910 stripped
Transform:
  m_CorrespondingSourceObject: {fileID: 468868, guid: 8db5b99e1590340a4a7166fa4c9f9cf2, type: 3}
  m_PrefabInstance: {fileID: 1626604909}
  m_PrefabAsset: {fileID: 0}
--- !u!1001 &1711565293
PrefabInstance:
  m_ObjectHideFlags: 0
  serializedVersion: 2
  m_Modification:
    m_TransformParent: {fileID: 729341694}
    m_Modifications:
    - target: {fileID: 192030, guid: 088b5f04d52a542ec975e88d7d9934f5, type: 3}
      propertyPath: m_Name
      value: Door_Left_01
      objectReference: {fileID: 0}
    - target: {fileID: 421664, guid: 088b5f04d52a542ec975e88d7d9934f5, type: 3}
      propertyPath: m_RootOrder
      value: 17
      objectReference: {fileID: 0}
    - target: {fileID: 421664, guid: 088b5f04d52a542ec975e88d7d9934f5, type: 3}
      propertyPath: m_LocalPosition.x
      value: -3.1
      objectReference: {fileID: 0}
    - target: {fileID: 421664, guid: 088b5f04d52a542ec975e88d7d9934f5, type: 3}
      propertyPath: m_LocalPosition.y
      value: 0
      objectReference: {fileID: 0}
    - target: {fileID: 421664, guid: 088b5f04d52a542ec975e88d7d9934f5, type: 3}
      propertyPath: m_LocalPosition.z
      value: 9.8
      objectReference: {fileID: 0}
    - target: {fileID: 421664, guid: 088b5f04d52a542ec975e88d7d9934f5, type: 3}
      propertyPath: m_LocalRotation.w
      value: -0.00000016292068
      objectReference: {fileID: 0}
    - target: {fileID: 421664, guid: 088b5f04d52a542ec975e88d7d9934f5, type: 3}
      propertyPath: m_LocalRotation.x
      value: -0
      objectReference: {fileID: 0}
    - target: {fileID: 421664, guid: 088b5f04d52a542ec975e88d7d9934f5, type: 3}
      propertyPath: m_LocalRotation.y
      value: 1
      objectReference: {fileID: 0}
    - target: {fileID: 421664, guid: 088b5f04d52a542ec975e88d7d9934f5, type: 3}
      propertyPath: m_LocalRotation.z
      value: -0
      objectReference: {fileID: 0}
    - target: {fileID: 421664, guid: 088b5f04d52a542ec975e88d7d9934f5, type: 3}
      propertyPath: m_LocalEulerAnglesHint.x
      value: 0
      objectReference: {fileID: 0}
    - target: {fileID: 421664, guid: 088b5f04d52a542ec975e88d7d9934f5, type: 3}
      propertyPath: m_LocalEulerAnglesHint.y
      value: 0
      objectReference: {fileID: 0}
    - target: {fileID: 421664, guid: 088b5f04d52a542ec975e88d7d9934f5, type: 3}
      propertyPath: m_LocalEulerAnglesHint.z
      value: 0
      objectReference: {fileID: 0}
    m_RemovedComponents: []
  m_SourcePrefab: {fileID: 100100000, guid: 088b5f04d52a542ec975e88d7d9934f5, type: 3}
--- !u!4 &1711565294 stripped
Transform:
  m_CorrespondingSourceObject: {fileID: 421664, guid: 088b5f04d52a542ec975e88d7d9934f5, type: 3}
  m_PrefabInstance: {fileID: 1711565293}
  m_PrefabAsset: {fileID: 0}
--- !u!1001 &1951313605
PrefabInstance:
  m_ObjectHideFlags: 0
  serializedVersion: 2
  m_Modification:
    m_TransformParent: {fileID: 729341694}
    m_Modifications:
    - target: {fileID: 103644, guid: a4c18952442944083b1fddc06ba477c2, type: 3}
      propertyPath: m_Name
      value: Wall_Simple_01 (4)
      objectReference: {fileID: 0}
    - target: {fileID: 409034, guid: a4c18952442944083b1fddc06ba477c2, type: 3}
      propertyPath: m_RootOrder
      value: 13
      objectReference: {fileID: 0}
    - target: {fileID: 409034, guid: a4c18952442944083b1fddc06ba477c2, type: 3}
      propertyPath: m_LocalPosition.x
      value: -6
      objectReference: {fileID: 0}
    - target: {fileID: 409034, guid: a4c18952442944083b1fddc06ba477c2, type: 3}
      propertyPath: m_LocalPosition.y
      value: 0
      objectReference: {fileID: 0}
    - target: {fileID: 409034, guid: a4c18952442944083b1fddc06ba477c2, type: 3}
      propertyPath: m_LocalPosition.z
      value: 3
      objectReference: {fileID: 0}
    - target: {fileID: 409034, guid: a4c18952442944083b1fddc06ba477c2, type: 3}
      propertyPath: m_LocalRotation.w
      value: 1
      objectReference: {fileID: 0}
    - target: {fileID: 409034, guid: a4c18952442944083b1fddc06ba477c2, type: 3}
      propertyPath: m_LocalRotation.x
      value: -0
      objectReference: {fileID: 0}
    - target: {fileID: 409034, guid: a4c18952442944083b1fddc06ba477c2, type: 3}
      propertyPath: m_LocalRotation.y
      value: -0
      objectReference: {fileID: 0}
    - target: {fileID: 409034, guid: a4c18952442944083b1fddc06ba477c2, type: 3}
      propertyPath: m_LocalRotation.z
      value: -0
      objectReference: {fileID: 0}
    - target: {fileID: 409034, guid: a4c18952442944083b1fddc06ba477c2, type: 3}
      propertyPath: m_LocalEulerAnglesHint.x
      value: 0
      objectReference: {fileID: 0}
    - target: {fileID: 409034, guid: a4c18952442944083b1fddc06ba477c2, type: 3}
      propertyPath: m_LocalEulerAnglesHint.y
      value: 0
      objectReference: {fileID: 0}
    - target: {fileID: 409034, guid: a4c18952442944083b1fddc06ba477c2, type: 3}
      propertyPath: m_LocalEulerAnglesHint.z
      value: 0
      objectReference: {fileID: 0}
    m_RemovedComponents: []
  m_SourcePrefab: {fileID: 100100000, guid: a4c18952442944083b1fddc06ba477c2, type: 3}
--- !u!4 &1951313606 stripped
Transform:
  m_CorrespondingSourceObject: {fileID: 409034, guid: a4c18952442944083b1fddc06ba477c2, type: 3}
  m_PrefabInstance: {fileID: 1951313605}
  m_PrefabAsset: {fileID: 0}
--- !u!1001 &1987885687
PrefabInstance:
  m_ObjectHideFlags: 0
  serializedVersion: 2
  m_Modification:
    m_TransformParent: {fileID: 729341694}
    m_Modifications:
    - target: {fileID: 119840, guid: c76d2d3504ddb4847940a815cad04644, type: 3}
      propertyPath: m_Name
      value: Floor_01
      objectReference: {fileID: 0}
    - target: {fileID: 416390, guid: c76d2d3504ddb4847940a815cad04644, type: 3}
      propertyPath: m_RootOrder
      value: 0
      objectReference: {fileID: 0}
    - target: {fileID: 416390, guid: c76d2d3504ddb4847940a815cad04644, type: 3}
      propertyPath: m_LocalPosition.x
      value: -3
      objectReference: {fileID: 0}
    - target: {fileID: 416390, guid: c76d2d3504ddb4847940a815cad04644, type: 3}
      propertyPath: m_LocalPosition.y
      value: 0
      objectReference: {fileID: 0}
    - target: {fileID: 416390, guid: c76d2d3504ddb4847940a815cad04644, type: 3}
      propertyPath: m_LocalPosition.z
      value: 0
      objectReference: {fileID: 0}
    - target: {fileID: 416390, guid: c76d2d3504ddb4847940a815cad04644, type: 3}
      propertyPath: m_LocalRotation.w
      value: 1
      objectReference: {fileID: 0}
    - target: {fileID: 416390, guid: c76d2d3504ddb4847940a815cad04644, type: 3}
      propertyPath: m_LocalRotation.x
      value: -0
      objectReference: {fileID: 0}
    - target: {fileID: 416390, guid: c76d2d3504ddb4847940a815cad04644, type: 3}
      propertyPath: m_LocalRotation.y
      value: -0
      objectReference: {fileID: 0}
    - target: {fileID: 416390, guid: c76d2d3504ddb4847940a815cad04644, type: 3}
      propertyPath: m_LocalRotation.z
      value: -0
      objectReference: {fileID: 0}
    - target: {fileID: 416390, guid: c76d2d3504ddb4847940a815cad04644, type: 3}
      propertyPath: m_LocalEulerAnglesHint.x
      value: 0
      objectReference: {fileID: 0}
    - target: {fileID: 416390, guid: c76d2d3504ddb4847940a815cad04644, type: 3}
      propertyPath: m_LocalEulerAnglesHint.y
      value: 0
      objectReference: {fileID: 0}
    - target: {fileID: 416390, guid: c76d2d3504ddb4847940a815cad04644, type: 3}
      propertyPath: m_LocalEulerAnglesHint.z
      value: 0
      objectReference: {fileID: 0}
    m_RemovedComponents: []
  m_SourcePrefab: {fileID: 100100000, guid: c76d2d3504ddb4847940a815cad04644, type: 3}
--- !u!4 &1987885688 stripped
Transform:
  m_CorrespondingSourceObject: {fileID: 416390, guid: c76d2d3504ddb4847940a815cad04644, type: 3}
  m_PrefabInstance: {fileID: 1987885687}
  m_PrefabAsset: {fileID: 0}
--- !u!1001 &2010835071
PrefabInstance:
  m_ObjectHideFlags: 0
  serializedVersion: 2
  m_Modification:
    m_TransformParent: {fileID: 729341694}
    m_Modifications:
    - target: {fileID: 119840, guid: c76d2d3504ddb4847940a815cad04644, type: 3}
      propertyPath: m_Name
      value: Floor_01 (2)
      objectReference: {fileID: 0}
    - target: {fileID: 416390, guid: c76d2d3504ddb4847940a815cad04644, type: 3}
      propertyPath: m_RootOrder
      value: 2
      objectReference: {fileID: 0}
    - target: {fileID: 416390, guid: c76d2d3504ddb4847940a815cad04644, type: 3}
      propertyPath: m_LocalPosition.x
      value: 3
      objectReference: {fileID: 0}
    - target: {fileID: 416390, guid: c76d2d3504ddb4847940a815cad04644, type: 3}
      propertyPath: m_LocalPosition.y
      value: 0
      objectReference: {fileID: 0}
    - target: {fileID: 416390, guid: c76d2d3504ddb4847940a815cad04644, type: 3}
      propertyPath: m_LocalPosition.z
      value: 0
      objectReference: {fileID: 0}
    - target: {fileID: 416390, guid: c76d2d3504ddb4847940a815cad04644, type: 3}
      propertyPath: m_LocalRotation.w
      value: 1
      objectReference: {fileID: 0}
    - target: {fileID: 416390, guid: c76d2d3504ddb4847940a815cad04644, type: 3}
      propertyPath: m_LocalRotation.x
      value: -0
      objectReference: {fileID: 0}
    - target: {fileID: 416390, guid: c76d2d3504ddb4847940a815cad04644, type: 3}
      propertyPath: m_LocalRotation.y
      value: -0
      objectReference: {fileID: 0}
    - target: {fileID: 416390, guid: c76d2d3504ddb4847940a815cad04644, type: 3}
      propertyPath: m_LocalRotation.z
      value: -0
      objectReference: {fileID: 0}
    - target: {fileID: 416390, guid: c76d2d3504ddb4847940a815cad04644, type: 3}
      propertyPath: m_LocalEulerAnglesHint.x
      value: 0
      objectReference: {fileID: 0}
    - target: {fileID: 416390, guid: c76d2d3504ddb4847940a815cad04644, type: 3}
      propertyPath: m_LocalEulerAnglesHint.y
      value: 0
      objectReference: {fileID: 0}
    - target: {fileID: 416390, guid: c76d2d3504ddb4847940a815cad04644, type: 3}
      propertyPath: m_LocalEulerAnglesHint.z
      value: 0
      objectReference: {fileID: 0}
    m_RemovedComponents: []
  m_SourcePrefab: {fileID: 100100000, guid: c76d2d3504ddb4847940a815cad04644, type: 3}
--- !u!4 &2010835072 stripped
Transform:
  m_CorrespondingSourceObject: {fileID: 416390, guid: c76d2d3504ddb4847940a815cad04644, type: 3}
  m_PrefabInstance: {fileID: 2010835071}
  m_PrefabAsset: {fileID: 0}
--- !u!1001 &2132097865
PrefabInstance:
  m_ObjectHideFlags: 0
  serializedVersion: 2
  m_Modification:
    m_TransformParent: {fileID: 729341694}
    m_Modifications:
    - target: {fileID: 119840, guid: c76d2d3504ddb4847940a815cad04644, type: 3}
      propertyPath: m_Name
      value: Floor_01 (8)
      objectReference: {fileID: 0}
    - target: {fileID: 416390, guid: c76d2d3504ddb4847940a815cad04644, type: 3}
      propertyPath: m_RootOrder
      value: 8
      objectReference: {fileID: 0}
    - target: {fileID: 416390, guid: c76d2d3504ddb4847940a815cad04644, type: 3}
      propertyPath: m_LocalPosition.x
      value: 3
      objectReference: {fileID: 0}
    - target: {fileID: 416390, guid: c76d2d3504ddb4847940a815cad04644, type: 3}
      propertyPath: m_LocalPosition.y
      value: 0
      objectReference: {fileID: 0}
    - target: {fileID: 416390, guid: c76d2d3504ddb4847940a815cad04644, type: 3}
      propertyPath: m_LocalPosition.z
      value: 6
      objectReference: {fileID: 0}
    - target: {fileID: 416390, guid: c76d2d3504ddb4847940a815cad04644, type: 3}
      propertyPath: m_LocalRotation.w
      value: 1
      objectReference: {fileID: 0}
    - target: {fileID: 416390, guid: c76d2d3504ddb4847940a815cad04644, type: 3}
      propertyPath: m_LocalRotation.x
      value: -0
      objectReference: {fileID: 0}
    - target: {fileID: 416390, guid: c76d2d3504ddb4847940a815cad04644, type: 3}
      propertyPath: m_LocalRotation.y
      value: -0
      objectReference: {fileID: 0}
    - target: {fileID: 416390, guid: c76d2d3504ddb4847940a815cad04644, type: 3}
      propertyPath: m_LocalRotation.z
      value: -0
      objectReference: {fileID: 0}
    - target: {fileID: 416390, guid: c76d2d3504ddb4847940a815cad04644, type: 3}
      propertyPath: m_LocalEulerAnglesHint.x
      value: 0
      objectReference: {fileID: 0}
    - target: {fileID: 416390, guid: c76d2d3504ddb4847940a815cad04644, type: 3}
      propertyPath: m_LocalEulerAnglesHint.y
      value: 0
      objectReference: {fileID: 0}
    - target: {fileID: 416390, guid: c76d2d3504ddb4847940a815cad04644, type: 3}
      propertyPath: m_LocalEulerAnglesHint.z
      value: 0
      objectReference: {fileID: 0}
    m_RemovedComponents: []
  m_SourcePrefab: {fileID: 100100000, guid: c76d2d3504ddb4847940a815cad04644, type: 3}
--- !u!4 &2132097866 stripped
Transform:
  m_CorrespondingSourceObject: {fileID: 416390, guid: c76d2d3504ddb4847940a815cad04644, type: 3}
  m_PrefabInstance: {fileID: 2132097865}
  m_PrefabAsset: {fileID: 0}
